2632 4800
164 1248 195 1263 Γ
484 1160 530 1216 ru
551 1148 835 1218 onsrsounm
855 1160 909 1215 111.
1107 1256 1110 1261 Ι

160 1327 176 1354 ’·
217 1326 628 1423 narratum
669 1271 1180 1399 nosnatura„

570 1552 832 1599 nonnarum·

161 1701 325 1810 Pyrrhus
349 1716 484 1804 qnidam
505 1740 606 1805 quum
624 1718 736 1784 nullos
753 1715 891 1783 haberet
909 1715 1035 1784 liberos
1051 1715 1236 1804 legitimos,

125 1900 128 1912 Ι
161 1821 310 1889 moriens
331 1817 495 1903 Endium,
522 1817 648 1886 sororis
674 1818 801 1902 filium,
821 1831 1025 1886 testamento
1039 1819 1237 1913 adoptavit,

161 1922 219 2010 qui
248 1944 350 2007 quum
380 1921 469 1985 hona
498 1918 569 2009 ejus
595 1921 732 1986 nemine
766 1920 965 2005 obloquente
996 1920 1173 2009 accepisset
1203 1936 1239 1988 et

160 2021 284 2111 viginti
312 2021 454 2110 amplius
475 2045 580 2089 annos
600 2021 817 2110 possedisset,
847 2021 984 2088 decessit
1004 2036 1037 2088 et
1056 2022 1126 2110 ipsa
1146 2021 1239 2091 libe·
1276 2080 1279 2085 ,

155 2124 210 2193 ris
235 2122 339 2190 nnllis
370 2122 505 2190 relictis.
551 2121 629 2192 Jam
655 2146 759 2210 quum
785 2122 951 2189 heredites
967 2123 1015 2189 ad
1035 2121 1139 2191 Endii
1159 2148 1237 2193 ma·

160 2241 267 2310 trem,
296 2223 566 2314 Pyrrhiquipps
591 2247 761 2313 sororem,
792 2223 1001 2310 cognationis
1022 2223 1095 2314 jore
1114 2250 1238 2314 perve-

160 2327 418 2411 niret-neque
437 2327 528 2392 enirn
547 2328 666 2393 iratres
688 2324 816 2417 Pyrrhi
836 2326 1019 2394 fratremve
1039 2326 1140 2393 liberi
1159 2328 1239 2395 tce·

160 2430 325 2512 runt*)-·-,
344 2426 561 2494 extititPhile
573 2428 746 2515 quaedam,
769 2450 852 2514 qnae
863 2451 898 2492 se
909 2426 1095 2514 legitimam
1103 2426 1236 2519 Pyrrhi

159 2528 266 2599 filiam
293 2537 364 2613 assa
390 2529 511 2609 diceret
535 2553 638 2615 eoque
664 2527 802 2596 nomine
828 2528 1045 2595 hereditatem
1065 2545 1101 2595 nt
1122 2546 1237 2618 poter·

160 2655 241 2701 nam
261 2629 327 2697 sibi
342 2628 538 2698 vindicaret.
584 2628 836 2697 contradicente
848 2645 957 2695 autem
970 2628 1098 2721 Pyrrhi
1118 2654 1238 2705 sorore

159 2732 348 2814 Xenocles,
375 2730 493 2797 Philae
514 2731 670 2814 maritus,
699 2731 926 2816 διαμαρτυρίαν
945 2730 1240 2819 interponit,gnon

159 2857 257 2924 posse
282 2832 499 2899 hereditatem
529 2856 691 2900 asorore
717 2833 804 2921 peti,
832 2857 934 2918 quum
960 2856 1050 2899 uxor
1076 2857 1136 2900 sna
1161 2835 1247 2903 fitis

159 2933 340 3025 sithrrhi
360 2933 521 3020 legitima.
565 2934 708 3022 Propter
724 2934 810 3000 hano
826 2935 1053 3020 διαμαρτυρίαν
1071 2958 1091 3000 a
1106 2935 1241 3026 Pyrrhi

160 3059 276 3104 sorore
302 3033 382 3100 falsi
402 3034 585 3102 testimonii
607 3036 913 3122 (ψευδομαρτυριῶν)
935 3051 1107 3105 accusatur
1127 3054 1162 3104 et
1182 3038 1240 3130 ju·

155 3207 368 3228 ——-—-—

195 3309 285 3393 ‘iffi
309 3307 394 3364 enim
420 3308 448 3444 qq
461 3305 607 3370 finissent,
632 3321 803 3446 {ororemha
821 3305 925 3447 iratqq
940 3305 1108 3447 threditate
1124 3311 1241 3366 exclu-

231 3395 354 3451 sissent.
389 3390 427 3448 Vi
451 3395 613 3445 .Bunsen.
653 3389 743 3460 ejur.
785 3409 826 3447 er.
843 3410 873 3462 p.
926 3429 935 3447 .
989 3429 997 3445 .
1032 3395 1076 3445 Ne
1093 3392 1164 3462 quis
1183 3411 1240 3452 en-

218 3487 290 3535 tem
306 3475 503 3532 hereditatem
520 3476 560 3528 ad
577 3474 739 3531 mulierem
755 3475 839 3531 iliam
857 3482 1010 3546 tamquam
1026 3466 1157 3533 matrem
1174 3483 1240 3536 Eu·

229 3563 273 3619 dii
299 3560 462 3634 pervenire
480 3559 619 3615 debuisse
637 3562 757 3616 credat:
787 3559 879 3616 matri
895 3563 1013 3617 nullum
1030 3559 1063 3615 in
1078 3560 1137 3617 filii
1154 3565 1241 3622 bona

108 3672 112 3681 t
228 3644 411 3706 succedendi
433 3645 480 3714 jus
506 3643 599 3699 fuisse
624 3643 761 3703 videtur·
818 3648 981 3702 Gnosius
999 3646 1065 3702 her.
1091 3650 1115 3700 1.
1133 3665 1167 3718 p.
1185 3651 1240 3706 3⁴11

229 3749 298 3804 sqq.
333 3734 435 3800 Neque
452 3744 470 3783 a
486 3726 582 3783 fratre
604 3729 758 3795 hereditas
774 3728 863 3785 Endii
879 3732 942 3800 peti
960 3730 1073 3802 potnit,
1099 3724 1239 3802 quando-

228 3816 351 3888 quidem
376 3813 523 3869 natoralis
540 3814 614 3870 haec
638 3814 778 3884 cognatio
795 3823 919 3886 propter
935 3815 1127 3886 adoptionem
1144 3815 1241 3874 Rodii

227 3899 276 3971 jus
302 3916 392 3956 sumu
417 3897 569 3954 omiserat.
613 3898 728 3964 Quodsi
753 3907 847 3955 mater
863 3916 924 3954 non
941 3897 1096 3970 superstes
1113 3899 1238 3967 fuisset,

228 3983 421 4056 pervenisset
447 3981 571 4054 quidem
588 3984 626 4038 od
648 3982 736 4039 illum
761 3984 933 4055 hereditas,
966 4002 1066 4056 nequo
1083 3991 1185 4043 umen
1201 3993 1240 4044 nt

229 4069 270 4123 ad
287 4067 413 4123 fratrem
420 4067 524 4132 Endii,
551 4069 655 4126 redut
672 4069 712 4124 ad
727 4069 842 4142 Pyrrhi
858 4071 969 4130 sororis
985 4069 1083 4127 fitium
1100 4085 1127 4128 s.
1142 4071 1239 4130 Rodii

228 4149 400 4209 amitinum.
