2632 4800
86 292 130 335 .·
179 238 245 310 sae
535 226 592 305 sn
608 230 914 305 ammonen-

74 396 77 401 ¹
180 404 294 494 Neque
318 405 431 472 minus
452 403 632 472 shsrirslurn
659 424 751 485 esse,
782 379 869 488 quotl
900 399 1116 489 spopondisse
1146 397 1253 492 ipsum

180 508 390 575 adversarius
402 506 506 590 diost,
532 520 661 594 partem
676 527 712 571 se
726 500 939 584 hereditatis,
961 501 991 568 si
1008 501 1167 587 vicisset,
1194 528 1254 592 pu-

180 609 263 699 pillo
287 606 507 690 traditurum,
536 628 640 692 quum
666 605 758 671 nulla
786 602 970 691 probabilis
991 625 1088 669 eausa
1119 605 1252 697 excogi-

180 708 245 775 tari
274 707 396 799 possit,
437 730 502 795 qua
531 720 718 775 oommotns
750 705 816 770 tale
845 704 924 790 qaid
962 704 1192 793 spoponderit.
1213 744 1252 757 —

179 809 269 877 111ιᾶ
291 823 402 874 autern
428 808 562 896 ipsum,
593 807 680 893 quod
712 827 819 891 neque
843 818 940 889 tune,
969 829 1072 891 quum
1095 806 1138 872 de
1159 807 1252 873 here·

69 924 73 933 ’
179 911 280 976 ditate
311 924 425 976 eontra
446 909 700 1000 Phylomaeheu
728 921 763 972 et
781 905 934 992 Hagniae
961 923 1105 974 matrem
1125 923 1253 984 certan-

70 1020 73 1025 ’
179 1012 260 1078 (lum
279 1025 383 1093 esset,
411 1034 517 1097 neque
545 1024 641 1098 post,
668 1006 724 1074 his
742 1006 868 1098 judicio
888 1005 1008 1091 vietis,
1038 1009 1199 1075 adversus
1219 1033 1252 1074 se

178 1111 300 1202 pupilli
320 1109 455 1177 nomine
477 1109 669 1177 hereditatis
688 1106 804 1198 petitio
826 1109 867 1175 ah
889 1108 1081 1176 adversario
1102 1108 1251 1175 instituta

179 1213 237 1294 sit,
259 1213 457 1280 documento
473 1234 562 1295 esso,
588 1212 721 1277 nullum
740 1208 801 1283 isti,
809 1234 912 1299 puero
932 1209 985 1303 jus
999 1230 1069 1275 osse
1085 1211 1250 1276 heredita·

177 1316 223 1381 tis
248 1313 419 1404 petendae.
469 1313 556 1379 Nam
585 1310 673 1398 qnod
696 1310 785 1376 diost
811 1311 1019 1378 adversarius
1050 1311 1147 1399 prius
1169 1312 1250 1378 illul

105 1464 108 1473 «
178 1414 340 1483 omissum
360 1436 430 1480 esse
443 1428 579 1502 propter
593 1413 690 1478 illam
708 1409 920 1501 Theopompi
940 1411 1177 1501 sponsionem,¹
1196 1437 1250 1478 eu·

177 1515 231 1609 jue
250 1515 349 1582 morlo
369 1514 574 1581 mentionem
594 1514 752 1597 fecimus,
779 1515 920 1579 alterum
934 1530 1044 1580 autem
1064 1531 1250 1603 propterea,

81 1676 83 1683 .
149 1650 153 1657 ·
177 1617 265 1704 quod
292 1641 361 1683 non
388 1616 487 1696 liceat
517 1615 647 1705 pupillo
668 1632 783 1680 eontra
803 1630 946 1682 tutorem
965 1615 1097 1704 privato
1126 1616 1250 1702 judicio

177 1718 393 1788 contenderer
425 1732 603 1804 utrumque
622 1718 856 1796 falsum‘esser
875 1718 977 1804 quum
985 1741 1094 1804 neque
1114 1719 1250 1805 sponsio

64 1902 66 1915 Ι
172 1819 346 1912 ejusmodi
360 1819 431 1884 ulla
446 1821 545 1885 laeta·
559 1819 623 1900 sit,
655 1840 761 1905 neque
781 1840 862 1886 vero
883 1821 973 1905 leges
993 1821 1084 1885 ullae
1103 1821 1249 1910 pppillos

171 1922 342 1989 tutoribus
368 1920 444 1986 lites
475 1918 645 1986 intendere
665 1934 789 1988 vetent.
808 1958 854 1978 ι·-
873 1920 1046 1987 Postremo
1068 1946 1175 2008 quum
1195 1922 1249 1987 al·

172 2023 375 2105 versutius,
394 2044 467 2108 quo
503 2021 768 2088 misericordiam
799 2021 948 2112 pupillo
961 2046 1042 2106 suo,
1082 2023 1249 2092 invidiam

176 2125 405 2242 Theopompo
423 2125 599 2207 conflaret,
628 2124 727 2189 illum
746 2148 889 2211 egenum
910 2148 1001 2209 esse,
1026 2126 1119 2190 huno
1140 2140 1247 2192 autem

121 2250 123 2256 ’
173 2225 213 2292 in
233 2216 417 2291 lautissima
435 2248 473 2290 re
493 2225 653 2292 familiari
670 2225 762 2292 illius
783 2250 822 2292 ae
833 2248 986 2292 sororum
1005 2224 1077 2313 ejus
1099 2227 1245 2316 inopiam

174 2326 389 2424 nullomodo
410 2328 586 2394 sublevare
606 2326 802 2395 eriminatus
824 2343 926 2411 esset,
949 2326 1020 2393 hoc
1042 2352 1174 2415 quoque
1193 2352 1244 2394 re·

173 2428 300 2495 lutatus
330 2443 362 2494 st
388 2429 517 2535 pupilli
537 2431 709 2496 facultates
736 2430 842 2496 multo
873 2427 1016 2521 majores
1048 2454 1120 2497 essa
1147 2454 1241 2518 quarn

173 2529 386 2620 Theopompi
406 2523 684 2599 demonstratura-
737 2574 740 2581 -
760 2580 763 2587 .

172 2658 176 2663 ·
257 2631 389 2697 Vicisse
410 2630 472 2696 hae
494 2654 591 2698 eausa
613 2622 873 2723 Theopompum
896 2632 989 2700 docet
1008 2632 1238 2701 Demosthenis

172 2732 279 2799 oratio
301 2747 416 2801 eontra
438 2733 674 2813 Macartatum,
704 2735 915 2823 Theopompi
935 2735 1060 2818 filium,
1094 2760 1156 2824 pro
1176 2735 1237 2802 llu-
1278 2808 1280 2812 ¹

170 2833 414 2912 hulide-tertio,
436 2833 787 2925 Phylomacheafilio,
814 2837 989 2902 Eubulidis
1005 2837 1160 2916 secundi,
1188 2835 1238 2903 evi

169 2926 329 3018 materni,
363 2935 520 3023 adoptivo
546 2936 674 3003 hahita.
728 2932 778 3004 Et¹
796 2938 869 3028 jure
900 2939 988 3004 haud
1016 2939 1125 3004 dubie·
1145 2938 1234 3007 vicit:

65 3055 69 3063 ·
168 3057 247 3101 nam
269 3036 330 3101 elsi
347 3035 598 3125 Phylomaohae
619 3063 748 3104 summa
769 3037 895 3130 injuria
915 3040 1060 3104 debitam
1083 3041 1162 3106 huie
1181 3042 1235 3106 he·
1283 3118 1285 3123 ³

167 3136 342 3210 reditatem
357 3134 544 3226 eripueratp
559 3141 654 3228 pueri
669 3138 789 3206 tamon¹
801 3141 896 3207 istius
919 3156 1033 3207 eontra
1046 3141 1234 3231 Theopom-

27 3257 29 3260 ’
166 3261 247 3325 pum
272 3238 325 3327 jus
346 3240 478 3304 nullum
498 3240 582 3324 fuit,
610 3240 645 3307 id
667 3244 754 3328 quod
776 3245 865 3329 leges
892 3243 988 3307 initio
1010 3244 1169 3309 orationis
1187 3240 1232 3305 oi·

165 3352 252 3403 tatae
282 3333 554 3406 manifestissime
576 3339 812 3411 demonstrant.
864 3343 1021 3411 Ceterum
1054 3344 1231 3430 etiamque

164 3453 311 3528 temporo
337 3440 421 3504 haec
442 3465 545 3508 oausa-
562 3458 635 3508 aeta
666 3444 726 3527 sit,
756 3469 801 3511 ex
822 3434 935 3511 orthem
955 3444 1016 3510 illa
1037 3444 1228 3513 Demosthe·

116 3557 131 3634 p
163 3540 217 3615 nis
239 3541 390 3607 oratione
402 3542 518 3628 colligi
535 3559 651 3632 potest.
694 3545 782 3613 Nam
802 3569 838 3632 p.
855 3549 951 3625 1059,
972 3548 1015 3612 21
1035 3546 1133 3613 litem
1146 3548 1231 3638 Phy-

161 3640 336 3707 lomaehae
362 3656 479 3708 contra
506 3643 711 3712 Glauconem
733 3663 840 3714 actam
868 3671 936 3714 esse
959 3647 1119 3714 docemur
1139 3650 1230 3716 Nioo·

61 3813 64 3819 ,
106 3741 286 3830 ¹¹'phemo
312 3744 472 3810 archonte
500 3745 536 3811 h.
566 3771 596 3813 e.
627 3748 685 3814 01.
710 3746 785 3828 1111,
811 3747 836 3815 4
862 3773 893 3815 a.
918 3747 999 3816 Ghr.
1025 3751 1104 3833 361,
1134 3769 1230 3837 neque
1284 3816 1286 3827 ¹

160 3843 271 3908 multo>
288 3858 363 3929 post
390 3859 539 3939 tempore
560 3847 814 3939 Phylomaohen
835 3875 855 3917 a
877 3851 1097 3940 Theopompo
1128 3853 1167 3918 in
1185 3851 1229 3941 jus
1284 3882 1286 3889 ·

158 3958 330 4025 vocatam,
353 3944 451 4030 dein,
473 3947 534 4013 illa
555 3949 658 4034 victa,
680 3952 769 4017 huno
790 3976 809 4018 a
831 3967 939 4018 tutore
960 3953 1080 4041 pupilli
1101 3974 1229 4018 accusa·

156 4057 228 4109 tum
255 4067 326 4110 esse
349 4062 489 4134 oportet.
538 4048 582 4115 Et
608 4051 645 4117 in
666 4077 744 4119 ann.
767 4056 850 4138 36⁰,
873 4055 932 4120 01.
955 4053 1038 4138 105,
1061 4055 1098 4136 1,
1129 4052 1226 4120 oratio

154 4159 268 4212 nostra
288 4146 432 4215 refertur
452 4149 553 4220 etiam
574 4175 594 4219 a
617 4151 777 4223 Glintouo
796 4155 825 4226 F
827 4169 889 4226 ast.
910 4155 1005 4224 Hell.
1033 4180 1069 4251 p.
1092 4156 1169 4224 131.
1189 4187 1224 4204 -
