2632 4800
183 1224 187 1235 „
497 1141 545 1200 tn
579 1108 879 1200 onsrrou'ntu
912 1143 978 1204 vu.

59 1336 65 1367 ι
201 1280 282 1381 un
324 1260 769 1381 nrounouotsr
811 1306 1261 1383 sussurrant.

1305 626 1308 689 l

1303 772 1308 875 l

1305 898 1308 1043 l

1306 1048 1308 1091 ι

1305 1326 1308 1385 Ι

1305 1400 1308 1447 t

602 1508 868 1569 ra'oountun·

201 1635 364 1742 Eupolis,
387 1650 611 1742 Thrasyllus,
633 1650 749 1719 Mnaso
761 1652 880 1720 fratres
896 1664 992 1718 eraut
1011 1649 1180 1741 germani
1217 1648 1266 1718 -Ex

98 1758 102 1764 ⁵
202 1765 257 1833 his
278 1760 434 1830 Mneso
421 1785 459 1826 ιιι
475 1760 588 1849 patria
610 1759 799 1826 decessit
770 1784 843 1827 sane
863 1761 976 1849 prole,
1010 1752 1245 1855 Thrasyllus
1233 1784 1266 1827 ιιι

203 1863 415 1956 expeditione
436 1858 629 1946 Siciliensi,
661 1862 732 1929 filio
763 1861 879 1927 relicto
901 1862 1121 1951 Apollodoro.
1135 1860 1267 1981 liujus

171 2040 175 2047 ,
202 1965 342 2057 Eupolis
363 1976 498 2053 patruus
520 1965 657 2028 tutelam
675 1976 766 2029 tauta
787 1963 999 2053 improbitate
1016 1941 1268 2048 administravit,

202 2082 293 2136 utet
314 2064 483 2132 Muesouis
504 2064 739 2149 hereditatem,
761 2064 855 2154 cujus
877 2064 1014 2131 dimidia
1034 2089 1112 2155 pare
1133 2065 1269 2155 Apollo·

202 2170 286 2238 doro
308 2167 508 2248 debehatur,
539 2180 734 2232 testamento
762 2165 877 2232 fratris
898 2180 1070 2256 praetexto
1091 2180 1198 2234 totam
1219 2190 1270 2234 oc·

203 2284 354 2363 cuparet,
383 2282 416 2334 et
437 2292 455 2334 e
476 2266 621 2356 paternis
641 2266 762 2357 pupilli
777 2267 872 2334 bouis
894 2292 961 2335 nou
977 2292 1082 2359 pauca
1097 2281 1269 2336 averteret.

203 2372 342 2440 Interim
356 2369 557 2459 Apollodori
579 2381 703 2448 mater,
726 2368 905 2460 Thrasylli
924 2369 1045 2463 vidus,
1066 2370 1270 2437 Archidamo

203 2474 336 2541 cuidam
357 2470 488 2559 nupsit,
517 2470 574 2558 qui
596 2485 628 2535 et
642 2472 826 2588 parvulum
845 2469 1042 2559 privignum
1062 2487 1202 2561 paterna
1222 2471 1271 2537 in·

203 2573 408 2664 dulgentia
394 2571 478 2639 aluit
505 2587 601 2658 atque
628 2571 798 2655 educavit,
826 2587 859 2638 et
884 2587 1057 2662 postquam
1084 2550 1297 2641 adoleverst'

114 2710 118 2721 ·
172 2674 175 2679 ’
203 2674 373 2744 accusanti
394 2655 537 2762 Eupoliu
561 2687 705 2740 tutorem
727 2672 912 2763 injudicio
935 2673 1041 2756 affuit,
1069 2696 1196 2772 suoque
1216 2696 1271 2763 po-

202 2779 368 2844 tissimum
395 2775 579 2865 patrocinio
608 2775 718 2841 affecit
743 2793 781 2840 ut
807 2790 839 2840 et
865 2775 1039 2842 dimidiam
1069 2776 1271 2842 bonoruma

201 2879 362 2946 Mnesone
383 2877 574 2943 relictorum
596 2891 724 2965 partem
746 2891 777 2941 et
794 2871 968 2966 'paternam
984 2876 1205 2943 hereditatem
1225 2891 1272 2943 to·

202 2994 270 3046 tam
300 2993 519 3068 recuperaret.
573 2978 670 3044 Hauc
700 2979 742 3044 ob
765 3001 896 3043 causam
926 2993 958 3043 at
987 2977 1145 3045 vitricum
1167 2977 1272 3066 privi-

66 3163 68 3167 .
201 3105 307 3170 gnus,
336 3081 418 3145 dum
433 3080 588 3162 vivebat,
617 3077 709 3145 omni
729 3078 849 3170 pietate
871 3079 985 3161 coluit,
1014 3094 1046 3144 et
1066 3080 1271 3147 mortuoillo

201 3182 308 3250 filiam
338 3180 431 3272 ejus,
465 3202 615 3246 sororem
644 3204 739 3247 suam
770 3181 956 3264 uterinam,
986 3181 1133 3247 fraterno
1163 3203 1273 3247 amors

201 3284 377 3373 amplexus
407 3295 456 3348 est
467 3305 481 3348 t
511 3297 695 3371 postremo,
732 3304 835 3368 quum
861 3281 932 3371 ipse
958 3280 1164 3372 jam‘seuior
1190 3279 1271 3365 lilio,

202 3410 299 3474 quem
330 3407 435 3449 nuum
472 3397 676 3470 susceperat,
712 3383 846 3448 orbatus
878 3398 981 3463 esset,
1017 3381 1117 3471 hujus
1139 3382 1273 3451 sororis

200 3510 280 3555 suae
301 3484 409 3552 filium
430 3483 599 3573 adoptavit
627 3480 826 3571 omnemque
843 3482 894 3550 rei
914 3508 994 3551 suae
1015 3482 1195 3552 familiaris
1215 3482 1274 3550 ad-

200 3584 483 3655 ministrationem
508 3584 608 3652 vivu's
629 3582 737 3650 adhuc
759 3585 791 3650 ei
811 3584 964 3650 credidit.
1007 3585 1142 3651 Mortuo
1163 3601 1273 3652 antem

200 3687 410 3777 Apollodoro
438 3685 656 3753 hereditatem
677 3685 747 3778 ejus
768 3685 851 3774 petit
870 3684 1046 3775 Eupolidis
1066 3685 1160 3767 lilia,
1188 3685 1273 3754 Pro·

200 3789 295 3879 napis
317 3787 488 3876 cujusdam
509 3810 615 3871 uxur,
645 3810 741 3853 soror
762 3787 909 3853 defuncti
930 3786 1108 3874 patruelis,
1138 3787 1273 3878 adopta·

199 3907 271 3962 tum
289 3890 330 3955 sb
343 3890 501 3955 eufilium
518 3913 588 3956 esse
605 3913 741 3976 negans.
785 3886 910 3956 Contra
925 3889 1013 3955 hanc
1031 3887 1141 3955 oratio
1162 3903 1271 3957 nostra

174 3992 340 4063 ‚hahetur
362 4014 381 4056 a
401 3990 472 4056 filio
495 3990 660 4079 adoptivo.

283 4091 317 4159 ls
333 4091 436 4179 igitur
451 4091 597 4181 primum
610 4092 825 4178 gravissimas
839 4090 910 4159 odii
927 4107 959 4158 et
972 4088 1174 4157 inimicitiae
1188 4088 1270 4156 iuter

198 4194 445 4286 Apollodorum
465 4209 563 4283 atque
579 4193 744 4285 Eupolin,
771 4193 899 4282 gratiae
920 4205 1086 4261 autumet
1106 4189 1269 4262 amicius
