2632 4800
346 293 410 362 os
431 291 691 383 narrantur
711 248 1032 370 HEREDITATE.
1168 290 1242 366 aar
1285 296 1288 300 ’

147 433 408 554 propinquitatis
435 464 543 552 ratio,
583 476 616 530 et
640 461 748 553 potuit
772 460 912 531 vitricus
939 463 1014 530 fieri
1042 463 1228 558 Astyphiti,

147 586 258 650 neque
285 577 397 632 tamen
422 565 506 630 bene
536 563 577 630 de
604 587 643 631 eo
669 563 810 653 mereri,
850 565 959 655 potuit
979 567 1065 633 bene
1091 567 1226 652 mereri,

146 687 256 752 neque
285 679 399 732 tamen
426 665 565 733 vitricus
593 686 676 732 esse.
721 665 820 752 Quod
842 689 946 753 quum
965 665 1105 735 vitricus
1125 668 1227 736 fuerit

145 789 252 853 eaque
277 765 504 856 propinquitas
539 766 707 834 beneficiis
744 765 815 834 illis
846 769 1053 834 occasionem
1085 765 1225 856 dederit,

143 866 251 937 taceri
270 867 335 934 hoc
357 869 399 934 ab
421 884 551 935 oratore
572 869 667 934 nullo
688 868 788 935 modo
808 867 935 959 potuit,
964 892 1071 955 neque
1091 868 1224 959 vitupe-

142 969 270 1036 randus
297 970 454 1057 estquod
482 968 756 1037 commemoravit
771 994 859 1057 ,quae
885 969 1000 1057 'utique
1020 992 1236 1050 commemo-⁴

89 1108 93 1123 ·
142 1069 217 1137 rari
243 1071 431 1158 oportebat,
468 1071 524 1138 sed
547 1073 612 1138 hoc
636 1095 744 1138 unum
764 1061 986 1157 quaerendum
1006 1085 1120 1136 utrum
1140 1095 1220 1161 pro-

142 1170 338 1261 pinquitatis
359 1196 402 1238 an
428 1161 665 1241 beneficiorum
686 1173 878 1262 gratiaeque
899 1196 944 1239 ex
964 1171 1007 1239 iis
1029 1185 1144 1238 enatae
1165 1196 1220 1242 ra·

140 1270 238 1340 tione
256 1294 336 1340 usus
368 1274 412 1341 sit
438 1275 657 1343 adtuendam
689 1297 823 1341 causam
850 1272 982 1345 actoris.
1025 1270 1087 1339 Est
1108 1288 1219 1341 antem

140 1372 210 1439 hec
238 1373 309 1449 sola
335 1399 435 1459 usus,
467 1374 606 1464 ideoque
634 1375 714 1444 fecit
747 1375 835 1467 quod
863 1375 977 1458 debuit
1001 1374 1153 1465 quodque
1182 1398 1218 1447 te

137 1474 308 1542 facturum
328 1477 512 1567 proposuit.

122 1626 125 1631 ,
227 1576 315 1665 παρὰ
338 1573 532 1665 Ἱεροκλέους,
585 1577 642 1646 Ah
663 1577 821 1647 Hierocle
848 1578 971 1646 mulier
991 1576 1053 1645 illa
1073 1577 1215 1665 despon-

96 1730 99 1735 .
139 1690 213 1745 sata
241 1690 309 1763 est,
342 1694 453 1771 utpote
474 1680 533 1770 qui
561 1679 666 1747 stater
693 1679 764 1772 ejus
790 1695 822 1749 et
847 1695 921 1774 post
947 1679 1051 1770 patris
1072 1675 1215 1749 mortem

139 1774 247 1865 sciptor
267 1794 365 1851 esset.

128 1910 134 1923 ·
225 1880 263 1968 ᾖ.
284 1882 340 1952 28.
377 1881 431 1950 Dc
461 1883 598 1951 educato
616 1869 715 1975 'apud
746 1882 904 1952 vitricum
933 1881 1090 1972 privigno
1120 1881 1210 1949 conl.

138 2002 225 2081 gnae
246 1982 333 2051 dicta
354 1986 494 2068 suntad
515 2010 567 2056 or.
589 1985 805 2077 de·Apollod.
825 1986 899 2053 her.
921 1985 959 2074 ᾗ.
978 1987 1011 2051 7.
1054 1982 1099 2050 Et
1117 1981 1212 2050 vide·

97 2164 100 2168 ·
138 2098 197 2151 tur
217 2107 295 2151 sane
317 2084 569 2178 Theophrastus
598 2086 699 2156 etiam
723 2102 812 2155 tutor
831 2085 1007 2178 Astyphili
1024 2084 1149 2169 fuisse,
1174 2083 1212 2152 id

136 2185 227 2273 qnod
246 2208 293 2255 ex
313 2210 352 2254 eo
381 2188 548 2279 imprimis
570 2191 757 2280 colligitur,
787 2189 875 2278 quod
894 2183 1036 2256 fundum
1062 2186 1134 2279 ejus
1154 2209 1211 2252 co·

89 2306 97 2337 ⁶
126 2285 215 2359 luit.
256 2285 331 2356 Hoc
352 2289 442 2355 enim
462 2290 530 2357 nisi
550 2314 570 2358 a
591 2306 698 2359 tutore
711 2306 768 2358 aut
788 2315 807 2359 a
828 2289 1026 2357 conductore
1045 2288 1210 2356 honorum
1268 2329 1270 2335 π

137 2386 301 2477 (probuti
320 2394 378 2456 uoi'
399 2388 502 2479 οἷ’κοω)
528 2390 602 2458 fieri
621 2387 695 2458 hon
722 2392 840 2482 potuit.
891 2390 936 2458 Et
961 2389 1118 2458 vitricum
1138 2389 1209 2478 pri·

134 2488 242 2576 signo
268 2505 410 2583 tutorem
438 2491 597 2562 destinari
616 2493 768 2562 videmus
789 2491 890 2560 etiam
915 2491 951 2559 in
972 2488 1209 2558 Demosthenis

134 2592 241 2683 patris
271 2607 483 2682 testamento,
516 2592 672 2664 or.1in
698 2592 835 2683 Aphob.
863 2613 896 2683 p.
918 2589 994 2660 814.
1046 2589 1100 2658 De
1128 2614 1208 2657 con·

134 2693 317 2785 structione
347 2693 433 2780 ὥραν
463 2690 544 2779 εἶχον
571 2691 777 2762 παιδεύεσθαι
796 2693 865 2763 vid.
889 2693 930 2760 ad
952 2717 1003 2769 or.
1026 2693 1066 2759 de
1089 2689 1205 2758 (lirun.
1278 2714 1281 2762 ῑ

133 2795 210 2864 her.
233 2793 270 2885 ᾖ.
285 2798 318 2866 8.
363 2795 609 2864 Testimonium
622 2795 830 2883 autemquod
851 2794 984 2862 recitari
1003 2792 1095 2885 jubet
1113 2791 1207 2883 prius
1234 2837 1237 2841 -

132 2895 346 2974 hauddubie
373 2912 422 2965 est
447 2898 708 2966 necessariorum
730 2914 762 2964 et
786 2895 1005 2964 familiarium
1033 2894 1153 2961 actoris
1174 2908 1208 2960 ct

133 2996 383 3088 Theophrasti,
419 3015 457 3066 ut
488 3015 575 3067 recte
601 2999 761 3068 Reiskins
789 2999 919 3067 monuit
926 3024 937 3081 ;
972 2998 1114 3064 alterum
1142 2998 1206 3060 τῶν
1271 3030 1273 3036 s

96 3169 99 3173 ,
132 3095 332 3167 διδασκάλων
351 3124 419 3167 non
433 3101 503 3189 sine
516 3102 655 3169 articulo
670 3100 925 3169 commemorari
944 3099 1095 3166 debuisse
1115 3097 1206 3163 idem

130 3200 268 3285 statuit,
298 3205 514 3291 quamobrem
542 3201 675 3294 scripsit
695 3201 836 3288 τὴντῶν
856 3198 1064 3283 διδασκάλωω.
1104 3198 1206 3267 Hunc

132 3323 197 3388 ego
218 3317 332 3369 contra
348 3303 477 3371 codices
497 3302 626 3371 imitari
645 3305 755 3388 nolui3
785 3319 816 3372 et
838 3304 991 3394 exempla
1010 3300 1133 3369 omissi
1148 3322 1204 3366 ar·

131 3401 231 3469 ticoli
252 3426 320 3471 non
342 3405 509 3474 absimilia
522 3395 783 3498 'sunt'Thucyd
797 3407 860 3487 lv,
880 3408 942 3476 72:
969 3399 1030 3472 ono
1052 3399 1204 3490 poturos

129 3503 378 3592 novusportus
399 3512 513 3574 κακῶν.
554 3509 605 3576 lb.
622 3506 722 3595 Vlll,
744 3510 805 3576 332
833 3507 883 3573 tut
904 3505 1044 3594 corrupto
1064 3507 1125 3569 τῶν
1146 3501 1203 3567 ἄν·

130 3602 284 3695 dodona.
305 3606 450 3678 ib.105=
480 3604 540 3678 ono
561 3604 705 3699 πλήθους
721 3615 782 3676 τῶν
799 3608 992 3701 ἐπικειμένων
1006 3611 1091 3672 νεῶν.
1112 3603 1201 3702 Blut.

131 3707 176 3774 de
203 3731 241 3775 re
268 3711 361 3799 publ.
384 3709 429 3791 V,
456 3709 480 3777 4
505 3733 541 3798 p.
561 3709 637 3778 453.
658 3711 704 3777 Ba
740 3708 775 3777 'ev
806 3710 887 3796 ἀρχῇ
917 3713 975 3794 τῆς
994 3705 1200 3780 κατοικίσεως.

89 3801 95 3809 ’
130 3806 290 3899 Xenoph.
317 3812 429 3887 Auab.
458 3811 477 3879 l
502 3813 551 3880 in.
577 3811 720 3898 τελευτὴν
747 3815 804 3876 τοῦ
827 3813 910 3892 βίον.
951 3808 1005 3878 lh.
1025 3808 1057 3894 l,
1083 3808 1116 3890 8,
1144 3807 1200 3874 13:

129 3910 228 3994 μέσον
248 3917 313 3978 τῶν
331 3911 443 3979 ἑαυτοῦ
463 3913 558 3996 ἔχων,
589 3915 719 4000 aliaque
749 3912 834 4001 apud
855 3911 1003 3996 Kritger.
1026 3934 1059 3998 p.
1081 3909 1136 3977 67.
1159 3907 1217 3973 ad

129 4010 277 4104 Dionys.
304 4038 338 4103 p.
362 4012 629 4083 tonsoratur.
656 4014 699 4081 ad
726 4011 831 4102 Soph.
861 4012 983 4102 Oedip.
1006 4009 1080 4078 Gol.
1103 4006 1198 4075 1188.

130 4111 264 4182 Jacobs.
287 4115 455 4182 animadv.
478 4117 521 4184 ad
541 4115 666 4182 Athen.
688 4108 853 4205 9:181-
872 4112 926 4181 De
948 4109 1107 4180 adverbio
1129 4106 1202 4174 ὅποι

96 4264 101 4276 .
130 4214 174 4283 ad
194 4217 344 4285 homines
364 4216 469 4284 relato
498 4240 566 4285 non
588 4240 669 4307 opus
691 4231 739 4285 est
759 4240 912 4302 monere,
939 4208 1204 4303 quandoquidem
