2632 4800
285 277 357 366 QDE
377 276 556 347 PYlllllss
574 275 895 353 HEREDITATE.
1069 283 1142 354 233

64 446 115 531 cit,
141 469 226 537 qnae
246 446 284 514 in
303 448 415 537 priore
434 438 715 536 ψευδομαρτυριῶο
735 452 864 520 actione
885 466 999 518 contra
1014 449 1138 521 Xeno·

62 551 144 617 clem
158 549 246 617 edita
267 564 350 617 erat.
393 548 639 640 Declnopoalp
657 552 730 619 vid.
751 552 793 618 de
815 553 888 620 orel.
909 551 981 642 jud.
1003 576 1039 642 p.
1055 554 1137 622 (12.8.

129 648 182 738 ¹5.
200 653 234 719 8.
255 649 364 735 ἥντινά
385 676 459 718 ποτε
479 650 590 737 προῖκά
607 675 701 738 φησιν
722 653 846 729 ἐπιδοὺς
858 653 1011 720 ἐκδοῦναι.
1057 651 1156 722 S‹:i-·

58 752 135 819 licet
155 776 200 819 ex
219 754 285 819 hoc
303 753 396 842 ipao,
417 755 503 840 qnod
526 754 585 820 dna
605 755 699 820 nulla
720 755 796 821 (lata
817 769 909 839 erat,
937 755 1039 822 etiam
1060 780 1138 824 ma·

58 853 253 921 trimouium
281 856 413 921 nullum
442 871 648 922 contractum
669 880 739 922 ease
761 871 1022 940 argumentatur.
1065 857 1139 925 lle-

14 992 25 1007 ·
57 955 112 1022 dit·
126 956 168 1023 ad
191 957 277 1022 ltauc
297 957 404 1045 ipsam
415 957 733 1044 argumentationem
754 958 843 1023 infra
866 956 904 1044 5.
920 959 975 1024 28.
997 958 1138 1046 29,t1ni

57 1058 151 1124 locua
171 1059 251 1125 eatis
279 1059 498 1141 demonstrat,
526 1060 636 1126 dotem
662 1082 731 1125 non
753 1058 886 1146 quidem
915 1058 997 1124 adeo
1017 1082 1138 1126 necea·

56 1159 180 1227 uariam
199 1148 321 1243 suinae,
349 1174 386 1225 ut
406 1158 478 1225 sine
491 1183 528 1225 aa
543 1160 668 1249 justum
683 1159 933 1226 matrimonium
949 1183 1019 1226 ease
1033 1159 1137 1248 plane
1213 1241 1216 1250 Ι

59 1283 126 1328 non
146 1277 274 1350 posset,
296 1276 440 1326 attamen
456 1275 513 1327 aut
527 1285 605 1327 raro
620 1275 676 1328 ant
697 1285 866 1347 nunquam
882 1261 1139 1329 matrimonium

59 1363 132 1430 aine
159 1364 235 1430 tlote
262 1362 414 1429 contrahi
441 1361 589 1429 solitum.
617 1360 824 1447 ·Negantem
856 1363 957 1429 etiam
986 1362 1140 1431 vidimus
1279 1380 1281 1385 '

59 1464 95 1532 in
115 1465 285 1532 Menoeten
308 1464 382 1552 §.5
403 1462 653 1541 adversarium,
681 1464 791 1530 ‹lotem
813 1465 855 1530 ab
877 1462 999 1530 actoris
1020 1484 1140 1530 acrore

59 1564 202 1634 lleuecli
229 1567 365 1632 allatam
391 1564 511 1649 sniaaep
545 1589 650 1652 neque
672 1580 782 1632 tamen
809 1564 933 1655 juetam
953 1565 1039 1631 illud
1061 1589 1139 1631 ma·
1207 1597 1210 1610 ·

59 1669 257 1735 trimoninm
292 1667 395 1733 fuisse
429 1666 577 1754 negavit.
636 1667 722 1733 Item
758 1669 843 1756 apntl
873 1662 1138 1734 Demosthenem

60 1786 92 1861 p.
115 1769 212 1853 1014,
240 1771 284 1835 23
311 1768 453 1835 Boeotna
481 1768 657 1834 Mantithei
684 1782 826 1837 matrem
854 1767 1005 1853 ’ἄπροικον
1031 1769 1138 1834 luiaao
1181 1806 1187 1823 ι

61 1872 245 1954 contendit3
276 1869 461 1957 legitimam
482 1868 628 1936 Manliae
648 1893 789 1936 uxorem
810 1870 911 1936 fuisse
932 1892 1000 1935 non
1021 1882 1136 1954 negat.

61 1973 214 2062 Denique
242 1972 327 2064 apntl
355 1971 495 2062 Lysiam
524 1973 564 2037 de
596 1972 675 2039 bon.
702 1970 878 2061 Aristoph.
909 1997 942 2060 p.
965 1972 1041 2038 621.
1068 1972 1137 2037 622-
1203 2040 1208 2059 1

61 2077 209 2162 virginee
237 2074 485 2140 honestissimae
513 2072 550 2138 in
578 2073 831 2140 matrimonium
859 2073 952 2162 posci
981 2072 1137 2140 videmus

61 2178 130 2245 tine
163 2178 249 2244 dote.
299 2175 432 2241 Tamen
463 2177 664 2264 improbatas
685 2177 788 2264 vulgo
816 2174 978 2264 ejusmodi
1000 2174 1138 2262 nuptias

61 2279 161 2347 luisse
185 2278 242 2345 vel
269 2278 350 2343 lraec
370 2277 550 2343 Lesbonici
573 2281 676 2345 verba
704 2277 879 2345 ostendunt
901 2301 954 2367 ap.
976 2274 1139 2344 Plautum
1164 2333 1167 2338 .

60 2378 254 2449 Trinnmm.
277 2377 341 2459 ΙΙΙ,
362 2383 395 2459 2,
416 2380 479 2446 62:

90 2517 169 2574 Nolo
187 2531 243 2588 ego
259 2513 334 2569 mihi
350 2520 381 2570 te
397 2522 457 2569 tam
472 2515 657 2587 prospicere,
675 2513 725 2586 qui
740 2531 837 2570 meam
855 2519 1018 2585 egestatem
1036 2514 1135 2578 leves,

91 2602 154 2658 Sed
172 2607 205 2655 nt
221 2598 308 2670 inops
325 2600 448 2656 infamia
466 2617 505 2655 ne
523 2598 598 2670 sim3
633 2616 672 2655 ue
689 2599 731 2653 ml
748 2601 828 2654 hanc
852 2599 966 2652 famam
984 2595 1135 2668 differant,

91 2690 145 2742 Me
162 2701 334 2758 germanam
350 2702 446 2740 meam
464 2685 645 2740 sororemin
664 2683 893 2749 concubinatum
911 2681 967 2736 tibi

93 2772 144 2828 Sic
161 2770 227 2826 alne
245 2772 315 2828 dota
332 2771 483 2829 dedidisse
500 2769 597 2842 magis
616 2785 705 2840 quant
721 2769 756 2826 in
774 2766 1007 2825 matrimonium.

56 2887 215 2958 (laterum
238 2890 281 2956 cl.
311 2905 342 2955 et
362 2888 480 2955 Meier.
504 2889 543 2954 de
570 2888 679 2954 ordin.
708 2885 811 2977 julie.
833 2907 911 2975 pag.
932 2883 998 2951 415
1025 2907 1075 2971 eq.
1104 2898 1140 2950 et

52 3015 135 3082 pag.
159 2991 256 3058 xlx.

146 3089 277 3178 πότερον
305 3131 349 3143 -
380 3091 503 3159 ἀπέλιπε
529 3090 584 3156 τὸν
612 3087 714 3174 ἄνδρα
746 3091 846 3168 ζῶντα
875 3092 943 3153 κτλ.
1006 3085 1059 3153 De
1081 3084 1138 3153 ltin

62 3193 236 3279 omnibns,
266 3201 406 3282 quornm
435 3195 498 3260 hoc
525 3195 599 3259 loco
621 3191 746 3259 mentio
767 3194 823 3274 fit,
858 3186 996 3255 discidio
1017 3186 1137 3253 uxorin

63 3297 241 3381 amarito,
269 3296 484 3383 relinquenda
513 3295 659 3360 defuncti
681 3290 793 3360 mariti
821 3291 939 3373 domo,
967 3287 1136 3355 redde-mla

63 3397 136 3465 tlote
163 3414 219 3464 ant
247 3398 356 3463 neuris
384 3421 445 3491 pro
474 3421 512 3462 ea
540 3395 727 3477 solvendis,
757 3417 839 3480 quae
862 3402 947 3466 σῖτος
968 3390 1136 3474 (licuntur,

62 3498 246 3588 expositum
277 3499 388 3565 estin
416 3499 477 3566 lib.
501 3498 541 3563 tle
563 3498 636 3571 ord.
664 3496 735 3586 jud.
764 3520 796 3583 p.
818 3494 882 3560 413
904 3509 937 3558 et
955 3490 1020 3557 419
1040 3515 1135 3576 sqq„

61 3624 144 3687 qnae
170 3602 228 3667 hic
255 3616 402 3689 repetere
430 3624 499 3666 non
521 3621 614 3688 opus.
636 3636 681 3649 —
715 3597 835 3664 Paullo
862 3609 937 3683 post
966 3615 1009 3656 ne
1036 3614 1135 3677 quent

62 3703 205 3769 offendat
226 3702 366 3791 pluralis
388 3725 562 3767 numerus.
594 3697 788 3764 δικάσασθαι
807 3695 961 3780 ἠξίωσαν,
990 3715 1057 3758 non
1079 3715 1136 3759 ao·

61 3803 113 3870 lut
139 3803 358 3885 nicodemus,
395 3802 450 3868 sed
481 3825 548 3866 una
575 3824 651 3866 cum
680 3798 862 3866 Nicodemo
893 3793 992 3860 ctiam
1023 3817 1136 3909 aoror,

60 3904 154 3994 cujus
181 3905 233 3970 illi
265 3929 363 3970 cansa
393 3905 520 3988 agenda
549 3917 692 3986 erat,a
672 3918 729 3967 aut
755 3895 893 3963 aororie
909 3893 1032 3961 filia'
1001 3918 1137 3987 ejusque

60 4006 200 4073 maritae
222 4005 388 4072 Xenocles
410 4005 639 4089 designantur.
864 4016 871 4024 ‘

146 4107 184 4194 §-
207 4107 296 4176 θ’
265 4106 354 4170 el·-
374 4110 554 4191 προσῆλθεν
581 4104 728 4188 ἐγκαλῶν.
775 4099 850 4166 Ηοο
872 4120 1000 4187 quoquo
1027 4097 1137 4189 expli·

60 4224 170 4276 catum
192 4207 354 4276 videbis·
342 4230 379 4276 tn
400 4206 461 4274 lib.
485 4206 526 4272 de
548 4206 623 4272 orl.
645 4202 715 4293 jud.
705 4226 773 4294 p.
762 4198 871 4271 .575.
1042 4208 1046 4215 '
