2632 4800
125 271 191 339 292
451 262 542 331 ΙΝ
564 260 845 331 ORATIONEM

128 458 229 525 quam
240 448 324 525 post
331 447 441 523 captas
461 430 666 524 aLysandrc
674 429 825 498 Athenas
839 429 1211 527 institutamqueXXX

127 535 282 605 virorum
304 534 578 603 dominationem·
622 522 925 601 Jams1hocfere
947 547 1095 623 tempore
1116 535 1154 603 h
1178 559 1209 601 e.

127 638 208 705 circ.
234 606 301 703 403
331 650 434 703 totam
462 634 678 701 hereditatem
710 634 813 723 cepit,
843 634 879 699 id
901 657 1002 722 quum
1031 630 1209 704 duodecim

125 753 200 829 post
219 737 442 824 Dicaeogenis
456 733 491 802 Π
506 752 649 803 mortem
670 735 765 801 annis
784 735 909 804 factum
926 735 990 820 sit,
1010 736 1155 803 hunc'
1122 761 1206 805 crrc.

112 838 192 912 ,415
219 838 341 905 obiisse
373 852 512 928 oportet.
560 836 609 904 At
637 836 727 902 enim
759 838 853 903 nulla
880 839 945 903 hoc
977 861 1064 904 auno
1090 863 1207 929 pugna

126 940 212 1031 apud
226 936 372 1007 Gnidum
390 942 430 1005 ab
447 938 618 1007 historicis
631 953 921 1007 commemoratur.
964 938 1096 1008 Possim
1109 939 1207 1027 equi-

126 1042 203 1109 dem
241 1065 402 1131 reponere
435 1041 496 1107 tali
531 1054 725 1127 argumento
763 1039 852 1106 nihil
882 1038 988 1125 effici,
1024 1040 1092 1108 nisi
1129 1040 1206 1129 quis

73 1230 76 1235 1
125 1145 211 1211 forte
232 1142 344 1211 vincat
366 1167 480 1208 omnes
501 1141 602 1208 etiam
630 1141 817 1208 levissimas
840 1136 1090 1227 dimicationes,
1120 1167 1205 1230 qua-

124 1247 174 1313 les
196 1233 376 1335 permultas
397 1268 457 1333 per
477 1243 671 1310 bellicosum
692 1240 777 1308 illud
798 1257 925 1361 tempus
942 1239 1114 1310 accidisse
1120 1267 1205 1311 cun·

124 1361 319 1414 sentaneum
348 1360 417 1429 est,
451 1344 493 1410 ab
524 1344 692 1411 historicis
714 1344 894 1410 memoriae
920 1345 1074 1411 mandari
1099 1368 1205 1434 opor-

74 1460 78 1469 '
124 1447 238 1515 tuisse
282 1447 373 1513 Ante
399 1460 511 1511 tamen
533 1450 632 1533 quam
657 1445 719 1511 tali
741 1432 930 1513 defensione
950 1462 1047 1531 utar,
1081 1446 1204 1515 videa-

124 1574 199 1617 mus
220 1574 301 1625 num
322 1549 408 1613 forte
430 1547 497 1612 alia
518 1572 567 1613 rer
558 1547 867 1637 ‘'expediendae
832 1571 888 1613 vra
910 1549 1028 1633 relicta
1048 1546 1103 1615 sit.
1155 1536 1203 1614 Et

125 1664 325 1743 mpnuerunt
345 1648 414 1739 jam
434 1648 603 1735 Augerius
625 1663 658 1714 et
675 1646 831 1717 lonesius
852 1650 939 1739 apud
960 1648 1203 1740 Thucydidem

35 1821 39 1826 ,
123 1752 222 1837 Vlll,
240 1751 286 1849 42
307 1750 510 1841 mentionem
530 1752 605 1817 lieri
625 1774 756 1840 pugnae
778 1750 907 1824 navalis
927 1775 1029 1840 prope
1051 1748 1221 1819 cnidum?

124 1853 320 1922 commissae
341 1877 373 1920 a.
395 1850 472 1936 412,
494 1875 630 1940 eamque
650 1853 757 1970 ipsam
779 1876 850 1919 esse
865 1856 1054 1919 'statuerunt
1072 1851 1200 1940 inqua

61 2022 64 2027 ⁴
121 1955 349 2042 Dicaeogenes
372 1954 583 2037 occubuerit3
613 1954 750 2041 quod
722 1979 750 2022 ιι
773 1968 861 2020 recte
883 1968 1089 2038 statuerunt,
1112 1967 1200 2020 tem·

120 2082 184 2151 pus
204 2056 310 2136 illud,
334 2079 435 2173 quum
456 2070 524 2122 tota
546 2054 728 2129 hereditate
749 2054 976 2143 Dicaecgenes
996 2053 1051 2122 lll
1070 2055 1197 2145 potitus

121 2175 188 2241 est,
210 2142 334 2225 incidet
361 2157 441 2223 circ.
470 2156 559 2223 ina.
582 2157 658 2224 400.
702 2155 847 2244 Atqui·
834 2182 873 2225 ιιι
892 2159 956 2224 hoc
977 2172 1117 2249 tempus.
1113 2181 1198 2225 non

57 2260 60 2265 ’
121 2260 283 2349 quadrare
303 2259 460 2328 videntur
481 2283 564 2346 quae
586 2261 623 2348 ᾗ.
642 2260 739 2326 ilde
759 2259 852 2327 urbis
873 2259 1059 2327 calamitate
1080 2272 1113 2325 et
1126 2258 1196 2327 dis·

120 2361 285 2429 cordia
255 2361 380 2430 civium
393 2377 441 2426 'ac
460 2360 621 2428 seditione
649 2361 814 2428 dicuntur.
867 2359 992 2453 Nempe
1013 2362 1096 2429 haec
1116 2383 1194 2427 ora·

118 2464 206 2533 toria
226 2463 334 2551 magis
347 2486 445 2549 quam
457 2462 620 2553 historica
639 2463 703 2528 fide
721 2463 762 2527 ab
781 2462 973 2531 adversario
990 2462 1077 2529 dicta
1101 2476 1191 2542 sunt,

109 2566 177 2654 ¹qui
198 2588 263 2653 quo
292 2563 453 2654 majorem
473 2562 681 2652 Dicaeogeni
705 2564 870 2651 invidiam
890 2566 1068 2651 conflaret,
1095 2558 1192 2658 adju·

117 2680 191 2733 tum
213 2690 289 2732 eum
311 2689 382 2733 esse
404 2665 600 2732 criminatur
620 2667 661 2731 ab
674 2665 866 2732 hominihus
888 2666 1053 2734 seditiosis
1075 2680 1109 2733 et
1128 2690 1191 2757 pu·

116 2770 224 2835 blicae
241 2766 443 2835 calamitatis
467 2767 708 2863 opportunitate
730 2766 771 2832 ad
795 2766 1026 2857 opprimendos
1053 2768 1191 2835 coluere·

116 2870 174 2938 dea
203 2893 320 2954 usum,
352 2869 431 2937 licet
457 2894 494 2935 re
513 2892 595 2936 vera
621 2870 683 2936 illo
706 2885 871 2959 tempore,
900 2894 1001 2957 quum
1022 2870 1189 2937 heredita·

115 2987 183 3039 tem
210 2972 376 3057 auferret,
409 2972 501 3059 quies
528 2958 599 3062 jam
624 2985 707 3039 esset
734 2970 894 3039 restituta.
938 2970 1035 3038 Hanc
1057 2989 1189 3039 senten·
1214 3005 1239 3023 -

114 3073 198 3140 tiam
224 3073 254 3140 si
284 3075 523 3162 amplectamur
548 3111 593 3123 -
621 3088 653 3139 et
679 3073 813 3141 videtur
844 3072 931 3140 mihi
958 3073 1094 3159 quidem
1121 3098 1239 3140 non..

114 3174 346 3265 improbabilis
364 3212 409 3226 -
424 3175 607 3241 orationem
629 3189 776 3241 nostram
796 3173 929 3242 circa.
952 3177 1027 3258 39⁰,
1051 3175 1110 3243 01.
1133 3176 1237 3259 97,

42 3291 46 3301 ’
107 3279 149 3360 ,3,
168 3291 228 3352 ¹aut
247 3278 361 3367 paullo
380 3292 455 3367 post
471 3276 620 3343 habitam
645 3300 716 3345 esse
733 3290 879 3366 oportet,
909 3277 1047 3343 durante
1071 3276 1239 3365 etiam-

106 3388 193 3451 tum,
207 3378 297 3445 bello
320 3372 509 3446 Corinthio.

200 3479 291 3566 Quid
313 3494 424 3546 autem
444 3483 501 3546 liet
512 3478 688 3570 Olynthiis
709 3479 805 3565 istis,
832 3480 1043 3548 Athenarum
1064 3506 1214 3572 propu-

113 3581 329 3668 gnatoribus,
370 3581 407 3668 §.
429 3579 496 3650 46?
537 3580 725 3648 Concedent
759 3581 862 3666 mihi,
899 3582 1035 3671 opinor,
1072 3604 1200 3651 omnes

113 3707 174 3772 pro
205 3681 468 3750 Atheniensibus
502 3682 685 3773 Olynthios
715 3707 784 3750 non
809 3683 918 3770 magis
944 3682 1007 3751 illo
1037 3699 1199 3775 tempore

112 3806 338 3873 propugnasse
372 3809 471 3871 quam
507 3800 638 3875 postea,
671 3810 773 3874 quum
810 3786 967 3853 adversus
1003 3782 1188 3876 Spartanos

111 3886 239 3951 bellum
267 3885 353 3952 illud
385 3900 554 3973 gererent,
592 3887 679 3974 quod
711 3887 915 3978 Olynthium
944 3888 1061 3955 vocari
1087 3888 1184 3963 solet,

112 3986 156 4052 ab
177 4009 209 4052 a.
231 3988 296 4052 372
317 3985 358 4051 ad
380 3988 455 4054 369.
500 3986 591 4073 Quid
612 3990 740 4057 multa?
774 3988 1011 4055 Exturbaudos
1041 4012 1097 4057 eos
1119 3990 1178 4055 hoc

112 4089 188 4153 loco
215 4110 282 4153 non
310 4086 441 4172 dubito,
470 4090 736 4178 revocandosque
758 4087 970 4173 Corinthios,
997 4089 1178 4158 Athenien·
1235 4124 1239 4175 Ι

113 4189 200 4256 sium
220 4186 348 4275 socios,
377 4190 434 4276 qui
453 4189 563 4280 prima
583 4191 729 4261 nominis
753 4191 853 4260 litera
873 4190 1020 4262 mutilati
1041 4192 1120 4283 dein
1139 4188 1177 4258 li·
1197 4208 1203 4227 ⁸
1225 4210 1239 4297 ,p
