2632 4800
190 253 256 323 368
548 250 598 323 ΙΝ
618 248 901 320 ΟΙὶΔΤΙΟΝΕΜ

190 423 367 490 Meliorem
382 434 492 489 autem
513 422 656 488 formam
680 420 778 487 credo
799 422 938 487 alteram
954 419 1148 506 Πνθιαστὴς
1166 444 1268 491 am.

190 522 313 607 θιάζω,
341 523 428 611 quod
450 538 482 590 et
503 522 613 612 ipsum
635 519 838 611 oSteplmno
859 524 1013 605 affertur3
1043 517 1269 612 similiterque

189 627 292 693 etiam
319 619 502 708 Δηλιάστὰς
534 623 637 691 dictos
663 647 733 692 ecoe
763 623 931 692 novimus.
989 622 1146 693 Ceterum
1175 626 1268 692 conf.
1306 629 1308 636 ’

192 729 293 795 etiam
314 726 470 793 Mueller.
489 725 579 792 Dor.
601 724 620 791 l
641 750 674 814 p.
697 730 772 795 239.

112 836 115 845 “
277 826 317 893 ἄν
337 852 368 892 τι
389 824 488 893 πάθω
509 821 658 912 πρότερον
679 865 731 894 -.
753 827 828 896 Non
841 818 948 896 ausim
969 827 1128 916 equidem,
1144 826 1270 920 optati·

191 957 272 1000 vum
292 944 480 1020 permutare
492 954 567 995 cum
582 928 793 1019 conjunctivo
815 930 851 995 iu
867 931 927 997 tali
943 931 1137 1020 praesertim
1158 955 1269 999 enun-

191 1032 354 1117 ciatione,
384 1055 466 1119 quae
492 1055 560 1096 nou
587 1033 696 1097 colum
724 1032 902 1121 praeterito
922 1030 1065 1121 tempori
1084 1027 1285 1107 duxeleeieto'

192 1133 367 1224 subjuncto
389 1146 458 1212 est,
486 1133 544 1198 ned
566 1132 667 1199 etiam
687 1155 760 1198 rem
782 1134 949 1220 eloquitur
966 1158 1036 1199 nou
1058 1157 1140 1220 quae
1163 1157 1270 1223 expo*

191 1251 299 1302 otetur
320 1248 352 1300 et
373 1235 526 1300 credatur
545 1234 657 1300 lutura
676 1257 763 1317 ecoe,
786 1235 841 1300 sed
859 1240 1005 1324 'ponatur
1024 1236 1268 1320 tautummodo,

191 1352 230 1404 ut
250 1359 333 1424 quae
354 1335 446 1420 fieri,
481 1335 512 1401 ei
534 1358 628 1402 cacus
648 1335 698 1401 ita
718 1335 850 1419 tulerit,
878 1337 1018 1404 fortasse
1039 1336 1157 1425 possit.
1198 1337 1268 1405 Mi·

50 1491 57 1506 ,
191 1463 256 1505 nus
288 1438 467 1523 obloquar,
503 1437 534 1503 si
565 1438 639 1524 quio
667 1437 753 1526 apud
777 1438 1013 1529 Thucydidem
1034 1436 1133 1521 Vlll,
1163 1441 1209 1504 27
1229 1438 1266 1504 iu

193 1538 266 1608 hist
302 1539 415 1603 ἐκέλευε
435 1577 478 1591 -
499 1537 573 1614 τοὺς
598 1538 742 1614 ἐπίπλους
749 1586 759 1617 ,
788 1536 836 1622 ,ἥν
857 1564 918 1605 που
945 1538 1053 1626 καιρὸς
1074 1538 1138 1623 εἴη,
1159 1549 1266 1609 ,ποιεῖ-

193 1648 291 1721 σθαι,
323 1639 571 1729 conjunctivum
591 1635 612 1726 ᾗ
633 1665 677 1706 ex
692 1665 761 1706 uno
783 1638 893 1707 codice
901 1636 1063 1708 Vaticano
1085 1640 1266 1709 cum-Bek-

192 1743 277 1809 kero
304 1742 478 1808 contendat
506 1741 732 1830 recipiendum
758 1766 848 1827 τερος
885 1766 1084 1829 quamquam
1103 1741 1163 1811 hia
1184 1767 1265 1831 quo·

193 1869 273 1932 que,
309 1869 411 1931 quum
439 1843 476 1908 in
498 1843 645 1931 optativo
672 1844 794 1931 reliqui
815 1866 929 1911 omues
949 1843 1179 1930 consentiant,
1206 1869 1265 1912 ve·

193 1947 347 2036 rendum*
364 1969 407 2011 ne
435 1943 664 2030 conjunctivus
694 1969 714 2011 a
744 1960 929 2011 correctore
964 1947 1129 2033 profectus
1156 1945 1265 2015 videri

58 2093 61 2097 .
193 2048 323 2113 debeat.
375 2046 418 2112 Et
440 2046 619 2111 detendunt
646 2046 831 2135 optativum
851 2062 924 2136 post
951 2042 1005 2129 ἒᾶις
1032 2047 1134 2115 etlam
1150 2046 1290 2143 ΡΟΡΡΡ,

139 2151 142 2159 ’
193 2149 354 2235 Prolegg.
383 2147 424 2212 ad
447 2147 606 2237 Thucyd.
629 2147 706 2236 lp.
728 2146 804 2216 144.
834 2162 867 2215 et
893 2147 1079 2239 Hermann.
1112 2172 1227 2240 opueo.
1245 2145 1264 2217 l

193 2274 228 2341 p.
250 2248 327 2317 282.
350 2249 390 2314 ad
415 2246 540 2336 Vigor.
554 2273 588 2338 p.
609 2249 686 2316 822.

173 2376 176 2389 ·
278 2352 332 2415 καὶ
358 2349 403 2434 μὴ
432 2347 474 2427 ὡς
502 2348 606 2425 ἄλλως
635 2347 795 2434 ποιήσωσι.
842 2349 959 2438 Satio,
995 2352 1133 2443 opinor,
1166 2352 1262 2445 lnttjtw

65 2479 75 2486 ’
194 2470 323 2541 quoque
343 2452 530 2519 lectionis
520 2453 741 2540 integritatem
762 2468 873 2521 tuetur
897 2454 1018 2535 similis
1039 2454 1099 2521 illa
1119 2455 1264 2523 formula

194 2552 238 2631 ὡς
259 2552 370 2639 ἑτέρως
391 2555 476 2643 apud
497 2554 674 2622 Demosth.
704 2555 743 2622 de
764 2579 879 2622 coron.
900 2581 933 2645 p.
955 2555 1032 2640 254,
1054 2559 1089 2621 7.
1111 2557 1189 2640 298,
1210 2555 1262 2622 21.

193 2657 328 2723 Platon.
352 2655 496 2723 Phaedr.
525 2682 558 2743 p.
580 2658 655 2723 276.
678 2654 718 2725 G.
749 2655 860 2724 Strab.
882 2657 912 2740 l,
934 2660 956 2723 2
981 2682 1015 2746 p.
1036 2657 1080 2724 49
1108 2656 1263 2723 Tanohn.

196 2757 295 2825 Gonl.
318 2757 428 2824 Koeu.
457 2759 496 2823 ad
522 2758 662 2844 Gregor.
692 2784 726 2847 p.
749 2760 802 2824 76.
846 2759 886 2825 ln
908 2760 970 2823 hac
997 2759 1142 2825 formula
1165 2783 1263 2846 quum

194 2854 238 2935 ὥς
259 2860 429 2925 abundare
450 2859 620 2925 videretur
640 2860 836 2927 Heindorfio
858 2861 898 2925 ad
921 2858 1007 2925 Plat.
1023 2858 1170 2927 Phaedr.
1194 2863 1219 2928 l.
1240 2862 1262 2926 l.

195 2948 335 3048 aliisque
361 2961 493 3044 multis,
527 2962 637 3028 extitit
664 2986 791 3050 nuper,
824 2962 880 3046 qui
901 2962 986 3026 illud
1008 2961 1142 3027 articuli
1163 2962 1264 3027 instar

195 3086 266 3129 csse
296 3063 435 3146 diceret,
465 3063 581 3128 itidem
611 3062 711 3128 utin
738 3059 897 3139 ὡσαύτως.
940 3063 988 3129 Aa
1008 3085 1090 3129 vero
1118 3059 1263 3138 ὡσαύτως

193 3164 414 3231 Buttmanuns
441 3164 554 3239 Lexil.
587 3165 604 3230 l
630 3190 665 3253 p.
687 3164 730 3230 41
758 3180 846 3230 recte
877 3163 988 3230 docuit
1014 3179 1173 3231 exortum
1199 3187 1262 3231 eece

195 3289 241 3332 ox
261 3263 304 3341 ὥς
326 3264 428 3340 adroic
449 3267 484 3332 h.
503 3289 533 3333 e.
557 3265 656 3341 οὕτως
677 3260 801 3342 adroic:
830 3265 886 3331 sed
903 3263 946 3340 ὡς
966 3262 1078 3351 ἑτέρως
1092 3290 1164 3332 non
1176 3289 1261 3356 ponec

194 3390 255 3456 pro
278 3365 378 3441 οὕτως
399 3365 510 3453 ἑτέρως
541 3368 646 3457 accipi
667 3389 720 3435 ree
741 3367 811 3456 ipoa
834 3369 939 3434 docet.
981 3366 1069 3433 Mihi
1091 3369 1158 3434 luoc
1179 3392 1261 3435 com·

193 3469 380 3557 parandum
399 3468 533 3536 videtur
561 3494 636 3536 cum
665 3467 739 3536 ὅσον
760 3468 931 3554 ἀπέραντον
938 3516 950 3549 ,
990 3463 1055 3543 οἶος
1075 3467 1217 3555 ἔμπειρος
1233 3481 1261 3534 ot

193 3570 375 3637 similibus.
436 3570 523 3637 Nam
554 3572 639 3637 sicut
671 3570 746 3638 ὅσον
776 3570 949 3657 ἀπέραντον
979 3569 1199 3639 Hermaunus
1225 3569 1261 3635 ed

193 3671 369 3761 Aristoph.
391 3669 503 3738 Nubb.
531 3696 567 3740 v.
591 3675 610 3738 1
640 3697 719 3740 vere
741 3671 837 3739 docet
866 3671 1095 3760 accipiendum
1116 3696 1189 3740 ease
1208 3693 1261 3761 pro

192 3771 305 3853 τόσον,
328 3771 402 3838 ὅσον
423 3771 612 3898 ἀπέραντον,
639 3773 686 3839 ita
708 3773 810 3840 etiam
830 3771 874 3850 ὦς
893 3770 1006 3860 ἑτέρως
1025 3774 1162 3863 proprie
1182 3766 1262 3841 nihil

113 3884 115 3889 '
194 3875 285 3941 aliud
307 3889 355 3941 est
376 3874 442 3942 uisi
460 3875 579 3957 odram,
607 3873 651 3952 ὥς
672 3871 793 3963 ἑτέρως

279 3976 316 4063 ᾖ.
332 3977 434 4043 28.ἓ
435 4003 452 4041 τ
480 3976 700 4065 ἀρχαιρεσιᾝαις
744 3977 958 4066 Singularem
989 3976 1089 4067 hujus
1113 3943 1265 4044 vocabuli

192 4075 385 4164 improbant
407 4077 595 4146 Attioictae.
652 4079 732 4146 Vid.
762 4079 849 4146 Lex.
877 4077 1016 4165 chuer.
1047 4103 1081 4167 p.
1109 4078 1188 4163 449,
1213 4080 1263 4146 29.

193 4176 319 4247 Moerin
340 4203 376 4271 p.
400 4181 454 4248 10.
516 4180 666 4249 Fuerunt
693 4196 806 4248 autem
829 4182 910 4267 hae,
941 4182 981 4247 do
1007 4181 1131 4275 quibua
1159 4194 1266 4249 orator
