2632 4800
115 258 184 327 160
416 252 420 261 “
470 253 521 322 lll
542 242 826 324 ottA'rlottttot
935 294 940 305 ·

116 423 230 509 νομίαν
256 421 395 490 δίδωσιν.
437 419 506 490 Sed
537 423 620 489 haee
650 420 723 512 ipen
742 443 811 488 uno
831 421 968 488 nornine
993 420 1017 507 ἢ
1039 419 1193 508 ἀγχιστεία

116 525 262 592 dieitur:
295 523 512 612 quamobrem
527 522 680 611 equidem
693 522 813 589 malim
834 523 881 589 ita
901 524 989 612 legit
1012 516 1094 590 ὀἀάἑ
1114 523 1193 590 καθ’

114 624 151 691 lv
177 623 297 692 τούτων
324 632 389 692 τῶν
418 622 581 710 ὀνομάτων
598 622 702 712 Ἁγνίᾳ
722 621 870 711 προσήκει
895 630 941 711 τῇ
962 627 1192 714 σσγγενείγ,

116 725 270 803 ‹ill-'ilco
289 731 357 811 τῆς
378 725 614 811 ἀγχιστείας
633 725 728 797 ἐστίν.
772 723 872 793 Gonf.
896 728 932 814 ᾗ.
949 729 988 794 7τ
1020 725 1078 791 τάν
1096 729 1193 792 παῖδα

115 865 160 880 --
180 829 232 893 καὶ
251 865 297 883 --
316 825 437 903 πάντας
467 825 526 904 ἔξω
550 831 609 910 τῆς
633 824 807 911 ἀγχιστείας
833 824 938 903 ὄντας.
979 827 1019 915 ᾗ.
1040 831 1104 896 3οτ
1138 827 1193 905 ἔξω

114 935 172 1014 τῆς
191 928 364 1015 ἀγχιστείας
384 925 546 1014 ἐφαίνοντ’
569 926 609 992 ἀν
629 925 725 1004 ὄντες.
768 928 858 995 Ado.
881 931 920 1017 ᾗ.
942 929 965 995 9
986 944 1020 995 et
1041 930 1098 999 11.
1140 929 1191 997 lle

115 1029 173 1109 ἔξω
193 1054 254 1125 pro
277 1029 364 1107 ίιτίς
384 1032 471 1098 οοιι1“.
495 1028 643 1097 Lobeok.
666 1031 707 1095 ad
728 1029 861 1121 Phryn.
883 1055 917 1121 p.
941 1031 1016 1100 128.

200 1135 238 1221 ᾗ.
254 1131 289 1200 4.
311 1129 584 1214 ἀναβιβασάμενος
603 1122 660 1196 οὗν
682 1129 779 1196 αὐτὸν
796 1168 838 1181 -
854 1130 928 1198 soil.
951 1131 987 1198 in
1001 1133 1095 1201 hunc
1116 1157 1190 1221 aug*

114 1247 255 1324 gestum.
299 1232 381 1301 vid.
404 1234 446 1298 de
467 1234 540 1299 ord.
561 1232 633 1324 jud.
655 1258 690 1324 p.
714 1232 779 1300 148
799 1255 849 1321 tq.
892 1233 936 1300 Et
956 1234 1070 1322 legem
1091 1234 1190 1300 luisse

113 1350 151 1402 ut
171 1335 286 1402 liceret
305 1334 344 1400 in
363 1334 488 1426 judicio
506 1334 735 1402 adversarium
753 1334 974 1421 interrogari,
1005 1336 1064 1407 hio
1083 1349 1189 1402 autem

113 1436 228 1523 utique
258 1436 473 1524 responderet
492 1459 576 1525 quae
596 1436 818 1525 interrogatus
840 1451 946 1520 esset,
985 1437 1087 1503 doeui
1105 1436 1188 1503 ibid.

46 1594 50 1599 .
113 1563 149 1628 p.
170 1540 246 1604 717.
268 1539 345 1605 718.
395 1537 512 1605 Ῥοιιο
537 1535 801 1623 ἀπαναγινιίσιιαν
828 1538 993 1627 quomodo
1021 1538 1190 1624 aeoipien·

114 1639 195 1705 (lum
216 1639 260 1705 eit
281 1639 425 1707 ostendit
441 1664 524 1727 qnae
545 1641 659 1726 paullo
680 1640 768 1707 infra
783 1639 931 1726 sequitur
950 1639 1082 1706 scribae
1100 1663 1191 1706 eom·

107 1740 270 1831 ‚pellatiot
300 1741 339 1805 σι)
360 1739 392 1805 ‹5‘
415 1741 616 1826 ἀναγίνωσκε.
663 1741 854 1830 Eodemque
874 1742 973 1808 modo
994 1742 1100 1808 etiem
1122 1741 1191 1806 ἀνί-

114 1865 196 1925 γνων
215 1841 312 1908 initio
335 1843 497 1909 orationis
518 1843 624 1933 accipi
645 1843 764 1910 debere
792 1867 909 1910 censeo
929 1867 1000 1909 non
1022 1842 1065 1909 tie
1086 1843 1190 1932 ipsiuo

114 1942 328 2034 Theopompi
347 1944 564 2028 recitatione,
596 1943 653 2010 aed
675 1945 716 2010 tle
737 1944 930 2011 recitatione
950 1969 1011 2033 per
1032 1946 1189 2012 scribam.

123 2081 125 2085 ·
200 2045 287 2132 φά.
310 2047 336 2108 εί
356 2045 388 2108 ‹l’
411 2036 451 2128 ἦν
468 2044 562 2120 ἀπαις
578 2044 636 2130 ἐγὼ
653 2047 883 2130 τετελευτηκὼς.
924 2045 1022 2113 Ηοιιο
1038 2037 1203 2115 Bekkeri'

113 2146 291 2213 lectionem
319 2146 466 2236 recipere
492 2171 563 2213 non
590 2148 760 2232 dubitavi,
794 2150 874 2215 licet
894 2149 935 2214 de
956 2149 1114 2215 codicum
1134 2172 1186 2215 an·

114 2247 264 2313 ctoritate
284 2271 351 2313 non
373 2249 473 2338 plane
496 2263 632 2317 constet.
686 2249 773 2318 Nam
794 2251 831 2316 in
852 2265 964 2318 vetere
989 2251 1137 2318 lectione
1156 2245 1184 2335 ‘l'

114 2339 170 2414 otia
188 2350 252 2416 vix
270 2351 444 2416 'commode
472 2351 637 2440 explicari
657 2376 753 2442 poete
772 2353 922 2420 videtur·
960 2350 1042 2419 Via.
1066 2351 1111 2419 'do
1133 2354 1187 2418 ha·

113 2474 191 2517 rum
210 2451 448 2540 particularum
470 2452 712 2538 significatione
732 2453 885 2541 lloogev.
903 2451 1041 2535 Sohiitz.
1064 2478 1101 2543 p.
1119 2453 1185 2543 181.

112 2552 240 2620 Devar.
262 2577 296 2642 p.
320 2554 393 2620 115.
415 2553 545 2640 Reisig.
568 2578 688 2623 enarr,
702 2557 788 2623 oet.
812 2555 886 2622 Gol.
908 2581 941 2645 p.
960 2553 1186 2623 mxxv-

112 2652 197 2719 Mox
217 2660 369 2738 προσῆκεν
395 2679 456 2744 pro
478 2654 628 2740 προσήκοι
656 2657 772 2746 reponi
793 2653 979 2744 postulabat
1007 2658 1195 2725 sententiae·

112 2755 211 2838 ratio,
233 2778 338 2841 neque
351 2773 493 2844 opponet
507 2759 592 2824 mihi
606 2760 726 2847 aliquis
744 2758 905 2848 ejusmodi
919 2761 1088 2848 exempla,
1111 2781 1184 2847 que·

112 2856 160 2920 lia
181 2871 257 2922 sunt
287 2858 374 2944 apud
397 2858 515 2926 Maon.
544 2884 596 2945 gr.
620 2861 679 2932 Gr.
710 2886 744 2950 p.
768 2862 871 2945 1017,
901 2861 938 2926 in
960 2861 1082 2947 quibus
1112 2883 1184 2948 pro·

112 2957 192 3023 tasio
214 2961 241 3022 εί
260 2959 387 3024 habens
409 2982 485 3025 cum
507 2974 656 3048 temporo
677 2963 853 3052 praeterito
874 2963 968 3052 ponit
988 2962 1118 3050 aliquid
1137 2963 1183 3026 fe·

112 3072 202 3123 etum
224 3082 311 3143 ease,
338 3060 429 3145 qnod
449 3085 530 3129 vere
550 3064 675 3130 foetum
695 3067 738 3131 eit
759 3089 819 3130 noc
841 3088 900 3148 ne,
928 3064 964 3130 in
985 3064 1116 3131 incerto
1136 3087 1183 3129 re·

111 3158 295 3245 linquitur,
326 3162 479 3247 epodosis
510 3179 620 3230 autem
640 3191 700 3254 per
721 3167 902 3257 optativum
925 3190 1001 3232 oum
1023 3166 1064 3231 ἀν
1087 3165 1183 3256 parti·

113 3261 187 3330 erla
214 3261 398 3347 eloquitur,
429 3263 509 3349 quid
530 3266 702 3351 videatur,
736 3269 798 3335 illo
819 3269 945 3358 posito,
977 3268 1063 3333 fiorix
1082 3289 1179 3358 posse.
1227 3306 1229 3312 <

111 3360 233 3427 Nostro
254 3379 363 3428 autem
383 3365 457 3430 loco
480 3369 674 3456 etprotasis
695 3393 767 3436 rem
795 3369 967 3459 proponit,
997 3392 1102 3455 qnam
1122 3391 1180 3434 non

110 3461 159 3528 ita
188 3485 258 3528 esee
289 3465 400 3530 statim
425 3466 648 3554 intelligitur,
688 3485 719 3537 et
746 3472 899 3561 epodosis
930 3488 1057 3537 certam
1085 3468 1179 3537 'habe

111 3564 414 3635 asseverationem:
446 3567 560 3657 itaque
580 3586 718 3659 utroquo
738 3575 813 3640 loco
835 3573 1041 3640 necessarius
1065 3587 1114 3640 eet
1133 3572 1179 3638 in·
1227 3586 1229 3595 ⁴

111 3664 285 3731 dicativus.

49 3863 51 3868 Α
196 3765 233 3851 §.
257 3767 289 3833 6.
311 3764 356 3850 μὴ
377 3765 475 3850 μόνον
495 3768 588 3838 τοῦτο
609 3782 725 3859 ποιεῖν,
757 3773 836 3841 ἀλλά
859 3777 911 3840 καὶ
931 3772 1124 3855 διόμνυσθαι
1134 3811 1181 3839 -.

109 3863 177 3930 Hie
203 3868 295 3934 locus
327 3871 496 3957 quomodo,
514 3875 731 3964 explicandus
758 3879 803 3944 sit
823 3893 938 3945 eontra
960 3876 1183 3948 lludtwalke·

109 3989 186 4032 rum
203 3967 243 4032 ‹lo
264 3967 364 4036 diaet.
386 3996 419 4060 p.
433 3972 481 4061 75
501 3975 600 4043 docui
621 3979 661 4045 de
679 3980 750 4046 ord.
767 3978 838 4069 jud.
861 4006 894 4069 p.
908 3978 973 4046 624
992 4001 1063 4068 sq„
1089 3977 1182 4068 Quod

110 4066 278 4152 aequitare
309 4068 364 4133 tva
394 4079 516 4155 μᾶλλον
543 4077 583 4144 ἀν
610 4078 781 4147 ἐπιστεύετο
808 4077 870 4168 ἀφ’
898 4077 998 4163 ἀμῶν.
1028 4097 1183 4148 nontam

110 4167 176 4232 lroe
211 4168 395 4276 signifieatt
427 4201 489 4262 quo
514 4182 615 4266 αιαςίο
649 4184 680 4247 ei
700 4182 798 4276 fides
825 4207 846 4247 α
879 4184 966 4251 vobit
999 4185 1183 4260 ἀσάοητντ,
