2632 4800
360 1202 364 1211 ’
451 1210 498 1266 ΙΝ
520 1210 855 1270 rnAnMrrtroM

216 1328 556 1450 ousrlouis
588 1328 702 1451 eno
732 1342 1137 1456 nurninnro..

113 1605 281 1699 Servavit
292 1626 358 1695 hoo
369 1628 594 1716 fragmentum
602 1626 789 1721 Dionysius
801 1627 1106 1699 Halicarnessensis
1118 1630 1190 1724 jud.

114 1732 155 1799 do
176 1731 291 1813 Isaeo,
320 1731 411 1820 Opp.
433 1747 515 1797 tom.
537 1727 570 1794 V
592 1754 626 1819 p.
648 1731 713 1803 ott
735 1730 856 1799 Reisk.
883 1724 929 1799 0.
952 1732 994 1800 G.
1017 1748 1101 1802 tom.
1126 1732 1192 1801 VII

113 1860 147 1925 p.
170 1836 246 1910 353.
297 1830 391 1898 Idem
420 1831 520 1897 etiam
542 1830 584 1896 do
614 1854 713 1898 eausa
733 1831 905 1924 Euphileti
932 1836 1088 1924 exposuit
1108 1858 1191 1923 qnae

113 1935 337 2026 hypotheseos
357 1935 432 1998 loco
454 1957 474 1996 a
495 1955 550 1997 mo
572 1930 736 2020 adscripta
757 1949 853 2018 sunt,
887 1936 1006 2022 quibus
1027 1959 1191 2026 perpauca

113 2052 242 2103 tantum
270 2033 419 2099 addenda
448 2032 615 2100 videntur.
667 2033 754 2102 Nam
777 2036 818 2101 de
838 2036 909 2102 illis
930 2060 1094 2126 pagorum
1121 2041 1190 2103 δια-

113 2138 283 2222 ψηφίσεων
304 2158 483 2221 eorumque
505 2132 679 2224 quilejecti
700 2151 807 2202 essent
822 2138 1057 2227 provocatione
1074 2140 1117 2205 od
1132 2139 1190 2232 ju·

62 2298 64 2306 ,
114 2239 204 2304 dices
225 2251 257 2303 et
278 2236 319 2303 do
340 2260 447 2326 poeno
468 2235 639 2303 servitutis
661 2259 759 2323 qnam
787 2237 943 2304 subibant
963 2239 1020 2327 qui
1041 2240 1188 2330 judicum

112 2364 242 2428 quoqne
262 2336 433 2406 sententiis
454 2336 665 2403 condemnati
686 2351 795 2404 essent
815 2338 893 2406 satis
915 2343 1019 2407 multa
1041 2357 1074 2408 et
1097 2367 1117 2410 a
1138 2366 1189 2410 mo

112 2443 215 2508 dicta·
228 2455 305 2507 sunt
326 2441 366 2506 de
380 2438 520 2517 ,comita
543 2439 627 2507 Ath.
658 2464 692 2528 p.
714 2439 834 2507 38001
855 2464 874 2507 a
895 2441 1022 2509 Meiero
1045 2443 1087 2510 de
1110 2445 1189 2517 bon.

113 2545 225 2620 damn.
247 2567 280 2632 p.
295 2542 339 2607 78
359 2563 431 2628 sqq.
453 2539 543 2607 Add.
562 2540 711 2607 Platuer.
735 2537 855 2632 Symb.
878 2543 920 2609 ad
941 2544 971 2612 I.
988 2545 1034 2610 Α.
1056 2570 1093 2633 p.
1116 2546 1185 2629 195,

113 2670 210 2732 quem
242 2643 374 2731 quidem
402 2643 442 2723 de
471 2643 533 2707 iIIa
563 2641 688 2707 civium
717 2643 959 2729 recognitione,-
997 2669 1083 2732 quae
1105 2649 1186 2713 {acta

113 2762 162 2813 est
178 2746 319 2836 Olymp.
332 2742 539 2826 LXXXIII,
561 2741 595 2825 I,
618 2759 768 2831 praetore
784 2744 1038 2834 Lysimachide‚
1066 2748 1183 2814 rectius

111 2848 260 2941 judicare
290 2843 436 2910 arbitror
463 2868 563 2932 quam
584 2844 758 2910 Meierum.
809 2844 896 2912 Nam
918 2849 1026 2934 legem
1048 2847 1092 2913 de
1113 2847 1184 2915 tali·

111 2952 173 3017 bus
200 2947 422 3032 διαψηφίσεων
449 2970 551 3032 quum
573 2968 655 3033 opus
683 2959 768 3012 esset
798 2946 1010 3014 instituendis
1031 2951 1185 3037 omnique

111 3051 162 3116 rei
182 3048 389 3142 peragendae
410 3047 509 3112 modo
532 3045 660 3134 primus
680 3047 794 3114 tulisse
815 3049 948 3116 videtur
963 3048 1184 3166 IJemophilns

111 3152 251 3242 Olymp.
274 3147 352 3232 XO,
375 3152 408 3232 2,
438 3147 567 3213 Archia
594 3163 764 3236 praetore,
796 3175 933 3238 eamque
963 3149 1075 3238 ipsam
1102 3151 1183 3218 desi·

78 3274 81 3279 ·
110 3254 209 3340 gnari
231 3251 327 3316 credo
349 3196 567 3345 aldionysio.
612 3247 768 3317 Ceterum
782 3252 870 3338 qnod
889 3251 944 3317 hio
961 3252 1043 3318 dicit
1066 3251 1181 3370 ἐγράφη

110 3379 157 3429 τις
177 3351 236 3417 ind
257 3377 321 3417 των
338 3348 515 3435 Ἀθηναίων
536 3347 632 3432 νόμος
652 3365 689 3416 ut
714 3351 897 3442 improprie
919 3352 1045 3419 dietum
1068 3344 1181 3422 merito

109 3453 288 3522 Reiskium
311 3452 467 3519 offendit:
509 3475 587 3517 nam
615 3449 743 3537 γράφειν
764 3450 862 3535 νόμον
888 3453 1093 3540 legislatoris
1115 3471 1181 3522 tan·

110 3569 181 3621 tum
204 3568 270 3636 est;
303 3556 444 3642 popqus
475 3552 569 3634 νόμον
596 3555 729 3618 τίθεται.
771 3554 952 3644 Propterea
974 3554 1182 3624 scribendum

109 3645 268 3723 Reiskins
288 3654 412 3745 judicat
432 3649 493 3719 ὖπό
505 3660 571 3719 ,τοι
592 3660 654 3719 τῶν
672 3653 869 3737 ’Admodum
898 3680 959 3743 ego
974 3657 1016 3721 ab
1039 3657 1114 3746 ipso
1126 3682 1182 3750 po·

109 3756 356 3846 siusDionysio
376 3779 473 3843 quam
496 3781 515 3821 a
537 3755 676 3822 librario
693 3771 864 3843 peccatum
885 3781 955 3824 esse
972 3759 1182 3826 crediderim.

108 3857 177 3924 Neo
198 3859 310 3945 paullo
336 3858 426 3923 infra
448 3856 616 3924 assentior
634 3851 1017 3942 Reiskio'scribendum
1039 3885 1110 3927 esse
1131 3873 1184 3927 ant

108 3959 163 4023 τὸν
185 3957 290 4042 ἀγῶνα
312 3957 400 4023 τόνδε
422 3951 527 4024 ιιῧτω
549 3957 724 4023 taurinum
746 3974 803 4025 aut
823 3982 852 4023 τ.
875 3947 910 4022 ἄ.
927 3962 1000 4044 τῇδ
1007 3985 1021 4024 ε
1045 3964 1129 4028 drot.
1144 3998 1185 4012 —-

41 4118 43 4122 .
110 4057 218 4126 Causa
239 4073 349 4130 autom
369 4061 406 4126 in
421 4084 492 4146 ‚qua
509 4076 660 4128 versatur
681 4061 762 4125 haec
780 4060 886 4126 oratio
909 4076 958 4126 est
977 4057 1184 4153 hujusmodi.

44 4202 47 4211 -
108 4157 240 4251 Ejectua
268 4178 338 4228 erat
363 4163 401 4228 in
428 4163 614 4248 διαψηφίσει
640 4161 683 4229 ab
704 4160 961 4249 Erchiensibus‚
995 4164 1055 4252 qui
1082 4187 1184 4256 pagus
