2632 4800
180 233 246 306 ldl
539 224 894 300 sstons'rlottmt
1014 251 1019 261 ·

180 430 215 496 p.
227 404 304 473 623.
321 397 595 470 llemsterhusius
615 394 657 465 sd
672 392 815 462 hucisn.
829 392 924 461 Disl.
944 380 1048 463 ¹niort.
1069 396 1104 460 7.
1119 391 1258 461 Kushn.

182 505 224 573 sd
250 502 399 570 Aelium·
418 500 463 570 V.
494 500 541 569 ll.
569 496 640 583 vl,
668 498 722 564 1⁰.
750 493 886 565 Siehen.
916 494 955 566 iu
980 494 1083 565 Obss.
1113 495 1257 564 miscell.

85 704 87 709 Ι
182 606 325 674 Amstel.
346 618 429 671 tom.
450 601 502 670 Vl
522 627 556 692 p.
577 600 653 666 2⁰9.

264 705 426 773 Extrema
440 701 614 771 summarii
632 698 787 790 periodus
800 697 946 766 dubitari
963 720 1031 781 nun
1050 711 1160 789 potest
1179 698 1259 787 quin

59 848 64 857 ·
185 822 340 896 corrupte
366 806 410 874 'sit
435 829 456 872 s
475 801 646 886 librariis3
683 800 742 888 qui
763 824 865 887 quum
885 799 931 868 δι’
953 800 990 867 in
1010 801 1046 866 δὲ
1065 814 1258 887 mutassent,

185 908 266 995 πρὸς
286 904 382 973 αὐτὸν
403 921 531 986 sutem,
560 903 712 971 fortassis
725 926 787 992 pro
807 901 886 988 πρὸς
906 907 1017 970 τοῦτον
1032 902 1180 991 margini
1201 901 1279 987 sd·—

186 1009 367 1100 scriptum,
395 1006 611 1075 inseruissent
638 1017 714 1095 post
739 1000 908 1087 δικάζεται,
939 1003 1009 1081 υἱός
1034 1003 1100 1094 ipsi
1128 1002 1261 1070 addide-

186 1126 266 1178 runt
281 1111 323 1177 ud
339 1110 539 1199 explendam
551 1106 681 1173 scilicet
696 1105 894 1175 cntionem.
931 1106 997 1174 His
1008 1105 1126 1192 igitur,
1147 1129 1262 1192 quem-
1280 1192 1286 1199 μ

188 1212 369 1293 admodum
394 1234 415 1277 s
444 1234 499 1277 me
524 1210 650 1276 fuctum
681 1223 750 1288 est,
785 1207 920 1277 mutatis
945 1208 988 1275 st'
1005 1206 1120 1300 ejectis
1149 1206 1263 1273 omniu

188 1315 273 1381 benc
300 1312 493 1403 procedunt.
535 1311 622 1378 Nem
644 1310 730 1396 quod
754 1305 908 1389 δικάζεται
927 1308 1050 1376 dicitur
1069 1310 1112 1374 de
1134 1308 1263 1376 actione

189 1414 322 1505 publicu
345 1414 548 1498 ιῖσαγγιλίας,
577 1436 620 1478 ne
641 1410 677 1476 in
690 1410 804 1478 Attico
821 1411 955 1498 quidem
975 1410 1137 1500 scriptore
1157 1412 1264 1476 offen·

66 1562 68 1569 ·
191 1516 296 1600 deret.
338 1513 420 1583 Vid.
451 1515 491 1581 de
513 1515 586 1582 ord.
616 1512 688 1604 jud.
715 1515 990 1603 p.162not.7.
1033 1511 1191 1580 Ceterum
1213 1534 1265 1577 res

130 1610 152 1664 '‚
190 1617 264 1708 ipsa
293 1615 469 1683 nonsatis
496 1630 585 1682 recte
614 1614 833 1706 proponitur:
864 1614 1082 1702 nequeenim
1103 1638 1126 1678 o
1144 1615 1266 1700 pupillo

71 1807 73 1811 ,
175 1742 252 1836 ⁸pes·
271 1733 414 1784 tutorem
435 1718 675 1835 Theopompus
696 1731 868 1784 accusatus
888 1731 958 1800 ost,
985 1716 1267 1833 quemadmodum

128 1867 131 1877 ·
191 1819 229 1886 in
255 1818 386 1910 privata
415 1840 512 1887 croso
541 1819 578 1884 iu
607 1818 661 1909 jus
688 1820 857 1936 vocandus
877 1817 1012 1903 luisset,
1043 1817 1100 1884 scd
1122 1817 1207 1883 ub
1195 1840 1269 1906 ipso

116 2093 124 2104 ,
193 2020 417 2108 uoayystar
404 2021 561 2089 nstituit.
609 2018 676 2089 Sed
707 2020 899 2112 hujusmodi
920 2044 1070 2144 errorem
1096 2043 1270 2107 grammu-

194 2123 262 2192 tico
281 2122 382 2191 facile
401 2122 676 2191 condonabimus.
759 2209 762 2213 Ι
822 2158 826 2170 ,

486 2305 564 2375 ln
562 2309 799 2378 orationem
821 2275 971 2401 ipsum.

280 2442 318 2533 ᾖ.
341 2444 373 2512 1.
402 2441 528 2512 Deesse
549 2445 719 2513 orationis
728 2444 865 2513 initium
886 2442 1059 2537 -Tsylorus
1078 2442 1269 2535 suspicshs·

112 2592 116 2601 =
195 2559 414 2635 tortusque
441 2540 599 2614 Reislsius
629 2570 666 2616 se
695 2546 739 2612 eh
772 2548 837 2614 hsc
869 2545 1055 2637 suspicione
1089 2546 1269 2613 abhorrere

197 2645 350 2714 ostendit.
399 2643 589 2714 Scilicet
562 2672 636 2715 siue
656 2649 728 2715 ullo
748 2649 919 2739 prooemio
940 2663 1010 2721 tum
1030 2648 1171 2737 shruptc
1197 2671 1269 2714 ors·

196 2762 306 2817 torem
325 2746 477 2814 exordiri
497 2747 718 2818 mirabuntur.
762 2746 830 2816 Sed
860 2749 1100 2842 „prooemium
1122 2773 1269 2816 necesss-

197 2849 288 2916 rium
318 2850 362 2916 sit
388 2871 431 2915 sn
456 2871 721 2938 superuacuum,
758 2875 876 2918 causus
905 2852 1125 2935 docebunt,“
1163 2865 1204 2917 ut
1229 2850 1271 2916 sit
1297 2865 1299 2871 '

66 2998 68 3003 s
199 2949 428 3039 Quintilianus
449 2950 504 3032 ll,
533 2948 594 3035 13',
621 2953 655 3020 5.
699 2948 793 3020 Haec
813 2969 923 3020 sutem
944 2976 1042 3020 consu
1069 2952 1118 3019 ita
1139 2975 1270 3041 comps·

198 3066 272 3119 rats
284 3065 350 3147 cst,
378 3065 415 3117 ut
435 3075 505 3118 non
523 3052 635 3142 inepto
649 3054 887 3146 Theopompus
900 3056 1031 3139 statim,
1057 3068 1269 3145 posteaquam

50 3156 62 3166 ’
160 3234 166 3243 s
201 3167 372 3220 accusator
391 3168 623 3241 peroraverat,
658 3156 751 3241 leges
779 3155 946 3246 judicibus
975 3156 1134 3224 recitasse
1163 3171 1197 3223 st
1217 3156 1270 3220 dc-

199 3253 360 3321 fcnsicnis
381 3277 460 3321 susc
480 3254 617 3322 initium
638 3255 716 3323 inde
729 3258 865 3325 duxisse
876 3258 985 3326 videri
1004 3257 1127 3349 possit,
1156 3257 1271 3346 quippe

163 3383 166 3388 ·
202 3378 285 3445 quse
306 3366 439 3422 causum
461 3379 556 3423 strom
576 3370 646 3427 tum
666 3358 843 3426 manifesto
863 3372 1052 3444 tuerentur,
1084 3379 1121 3426 ut
1141 3375 1269 3451 captan-

203 3457 264 3522 dsc
284 3456 434 3549 judicum
446 3458 693 3526 benivolentiae
712 3461 1035 3551 fucilesupersederc
1055 3477 1181 3550 posset,
1212 3460 1269 3527 At·

76 3648 80 3657 ’
203 3572 309 3625 tentos
339 3573 449 3625 sutem
468 3559 578 3625 facere
599 3560 767 3628 auditores
789 3563 853 3635 hoc
873 3565 929 3630 vel
948 3560 1124 3652 praecipue
1139 3577 1271 3653 oporte·

202 3659 277 3743 but,
305 3661 392 3746 quod
413 3683 501 3728 noro
519 3676 615 3748 atque
635 3661 771 3729 insolito
784 3688 877 3730 more
894 3654 1118 3731 exordiretur.
1163 3663 1272 3752 Itaque

203 3760 294 3826 nihil
314 3760 599 3850 equidcm'dcc'sse
620 3763 791 3832 existimo.
836 3763 991 3832 Ceterum
1012 3764 1084 3832 sinc
1104 3764 1272 3854 prooemio

195 3861 357 3928 exordiri
387 3877 554 3931 oratorem
583 3865 730 3934 vidimus
759 3865 884 3934 ctiam
879 3867 932 3934 de
962 3868 1140 3958 Astyphili
1174 3893 1212 3936 ac
1237 3867 1272 3932 de

205 3961 334 4052 Pyrrhi
356 3964 549 4034 hereditate.
590 3967 668 4034 Nou
687 3967 799 4034 minus
814 3993 936 4037 vanum
957 3967 1069 4059 judico
1083 3965 1272 4042 Marklandi

207 4063 446 4153 suspicionem,
474 4053 639 4161 Lysiacae
659 4069 821 4139 orationis
845 4093 906 4160 pro
929 4070 1159 4164 Polystrato
1145 4073 1272 4141 mitium

207 4162 387 4234 interiisse.
