2632 4800
336 297 400 366 DE
424 294 612 365 elnotus
632 294 956 389 HEREDITATE.
1095 355 1099 361 .
1126 304 1193 373 ate

112 464 162 531 Tol
176 464 284 557 lusor
298 464 401 549 νόμων
418 467 523 531 δίκαιον
543 480 620 534 sunt
635 464 676 531 τὰ
696 465 730 531 ἓν
750 476 817 542 τοῖς
837 464 944 551 νόμοις
966 469 1027 537 dle.
1036 517 1047 550 ‚
1075 470 1192 558 legum

106 584 302 659 praecepta,
335 571 371 635 h.
394 593 527 656 esquae
547 569 638 654 leges
659 568 746 658 justa
769 595 841 639 esse
860 570 1081 661 praecipiunt.
1127 571 1191 656 Μὴ
1243 578 1246 583 ’

110 667 209 754 μόνον
223 670 323 735 unice
335 694 452 736 verum
459 717 472 750 ,
495 672 698 758 alteramque
712 673 889 741 lectionem
903 671 948 756 μὴ
967 671 1073 755 μόνων
1090 674 1191 763 plane

110 795 177 838 non
200 772 372 837 ferendam
394 797 463 839 esse
484 797 537 838 res
557 772 630 860 ipsa
651 774 731 841 satis
753 776 859 842 docet.
903 776 995 841 Aliis
1016 775 1101 841 locis
1124 776 1191 841 dif-
1292 768 1294 773 ⁵

111 873 233 940 licilior
254 889 303 939 est
332 875 441 964 optio,
478 874 537 940 ubi
559 875 754 942 adverbium
781 902 851 944 non
871 877 983 942 minus
1005 901 1106 962 quam
1129 879 1190 943 ud-

111 973 270 1064 jectivum
300 979 379 1066 poni
411 975 574 1043 sermonis
607 980 808 1045 consuetudo
837 994 868 1046 et
895 979 959 1046 rei‘
974 978 1080 1067 ipsius
1104 980 1190 1045 ratio

111 1077 253 1166 patitur,
292 1094 344 1160 ut,
357 1078 394 1143 in
423 1079 573 1144 codicum
595 1079 797 1147 dissensione
818 1120 863 1133 ·-
884 1095 916 1147 et
936 1082 1044 1146 solent
1066 1081 1106 1147 bi
1128 1082 1191 1146 bac

111 1178 147 1244 in
168 1203 206 1245 re
227 1172 418 1270 saepissime
435 1179 585 1263 variare,
607 1219 650 1231 —
671 1181 760 1248 nihil
781 1182 847 1249 nisi
864 1182 1055 1269 graviorem
1075 1199 1192 1249 annoto-

112 1281 244 1348 ritetem
266 1287 358 1369 sequi
379 1283 497 1370 possis.
541 1280 593 1348 lta
614 1308 650 1351 v.
674 1308 704 1351 c.
727 1284 816 1349 infra
839 1289 872 1364 §-
896 1286 938 1352 18
958 1283 1070 1373 potuit
1088 1284 1191 1351 etiam

110 1381 205 1467 μόνον
219 1370 325 1468 lerri,
354 1408 459 1470 neque
473 1400 667 1450 mutatuma
683 1408 737 1450 me
759 1403 861 1470 esset,
889 1386 918 1453 si
940 1384 981 1451 de
1002 1401 1191 1452 ceterorum

112 1485 282 1570 codicum,
319 1502 449 1575 praeter
480 1485 682 1571 Vratislav.‚
717 1487 858 1553 lectione
894 1487 973 1554 satis
1010 1503 1188 1579 constapet.

110 1579 280 1654 Nimirum
310 1604 415 1675 potest
443 1585 538 1683 μόνον
568 1587 608 1654 ad
641 1603 745 1655 totam
776 1588 864 1655 banc
895 1589 1069 1655 notionem
1100 1590 1191 1660 trebi

111 1685 208 1772 δῆλόν
222 1689 303 1754 ἔστιν
318 1689 350 1755 ἐκ
364 1687 499 1770 τούτων,
528 1690 582 1755 cui
599 1691 779 1779 opponitur
798 1690 830 1768 ἓξ
851 1683 929 1756 oiri
952 1690 1058 1776 πατὴρ
1077 1689 1190 1774 ἔπραξε

111 1787 222 1877 (δῆλόν
250 1790 350 1878 iord:
385 1788 490 1874 μόνων
522 1808 635 1860 contra
656 1793 697 1858 ad
727 1794 835 1858 solum
861 1816 1046 1882 pronomen
1069 1790 1190 1857 codron

109 1893 254 1984 pertinet
284 1894 339 1959 cui
366 1894 555 1982 oppositum
586 1910 635 1961 est
665 1895 698 1970 ἔξ
718 1886 762 1960 ὧν
789 1892 805 1960 ὅ
829 1893 933 1978 πατὴρ
954 1893 1022 1979 ibn.
1066 1894 1189 1960 Nostro

111 2008 222 2062 autem
242 1995 317 2060 loco
338 1995 429 2062 nihil
450 2020 521 2062 esse
542 2012 696 2087 apparet,
725 1997 813 2084 quod
835 1996 1020 2086 oppositum
1044 1996 1089 2061 sit
1109 1997 1190 2062 hnc
1237 2014 1240 2021 '

109 2103 173 2162 τῶν
202 2095 382 2183 ἀλλοτρίων.
436 2097 564 2187 Tetigit
595 2100 683 2164 hanc
712 2122 786 2166 rem
806 2098 961 2164 Bromius
984 2099 1024 2163 ad
1046 2097 1189 2189 Lysiam

109 2223 143 2289 p.
167 2197 243 2264 450.
273 2200 363 2265 Add.
387 2201 495 2267 Orell.
519 2200 560 2266 ad
591 2203 695 2268 Isocr.
715 2188 802 2268 orat.
826 2201 866 2266 de
887 2215 1030 2289 permut.
1052 2225 1087 2287 p.
1110 2200 1187 2267 217.

196 2301 230 2365 ἐκ
260 2302 422 2387 θυγατρὸς
453 2298 550 2367 αὑτοῦ
577 2304 713 2387 γνησίας.
758 2301 917 2368 Veterem
944 2302 1123 2367 lectionem
1155 2302 1189 2367 ἐκ

108 2406 168 2487 τῆς
186 2402 347 2488 θυγατρὸς
366 2404 422 2469 vel
448 2420 583 2492 propter
603 2403 835 2471 soloecismum
856 2403 981 2468 mutari
1003 2402 1188 2491 oportuisse

108 2520 257 2594 apparet.
310 2505 435 2572 Addito
464 2506 555 2571 enim
586 2505 727 2571 articulo
753 2529 823 2571 non
851 2505 958 2594 potuit
986 2504 1188 2594 adjectivum

108 2606 319 2675 substantivo
349 2608 521 2696 postponi,
551 2607 608 2672 sed
630 2606 739 2672 medio
765 2608 839 2672 loco
868 2606 1102 2671 collocandum
1122 2609 1188 2674 fuit

109 2711 144 2775 ἐκ
166 2715 221 2792 τῆς
242 2709 370 2794 γνησίας
390 2706 559 2795 θυγατρός.
602 2709 679 2795 Ipsa
697 2724 806 2773 autem
823 2706 986 2774 sententia
1008 2707 1187 2774 articulum

108 2825 237 2877 utnon
264 2812 404 2900 respuit,
434 2811 481 2878 ita
511 2811 588 2877 addi
608 2827 695 2876 certe
717 2833 784 2875 nou
812 2811 969 2898 postulat.
1011 2806 1091 2874 Fuit
1112 2810 1217 2899 qui·-x

110 2912 188 2980 dem
219 2937 286 2977 una
316 2928 444 2980 tantum
466 2912 599 2981 Cironis
625 2911 716 2994 filia3
749 2910 805 2978 sed
834 2912 874 2976 de
904 2912 967 2976 hac
995 2910 1187 2978 nihildum
1235 2988 1239 2995 ⁵

108 3006 511 3102 auditoribus‘cognitum
533 3030 622 3099 erat,
645 3031 681 3080 ut
697 3014 830 3079 deberet
846 3012 980 3078 definite
1003 3012 1185 3098 designari,

92 3104 145 3184 'et
165 3117 350 3184 adversarii
369 3119 498 3183 nullam
516 3117 620 3183 fnisse
641 3116 893 3198 contenderant,
920 3129 958 3180 ut
976 3114 1043 3181 lroc
1063 3115 1185 3204 ipsum,

104 3216 213 3285 'fnisse
235 3217 369 3292 Cironis
389 3220 512 3303 filiam,
542 3220 748 3309 probandum
771 3217 878 3314 adhuc
900 3217 1027 3297 oratori
1047 3216 1104 3284 sit.

118 3328 121 3334 '
197 3314 284 3387 οὗτοί
302 3347 335 3386 τε
355 3327 412 3387 τοῦ
432 3319 547 3405 κλήρου
568 3318 772 3405 λαγχάνουσιν
792 3355 846 3384 -.
889 3318 982 3385 Haec
1002 3318 1186 3406 particulae

108 3423 285 3490 collocatio
304 3426 468 3512 quomodo
487 3424 617 3490 defendi
635 3447 731 3513 posse
745 3423 915 3505 videatur,
945 3419 1017 3484 dixi
1034 3420 1075 3484 ad
1098 3434 1183 3489 orat.

107 3525 152 3590 de
181 3524 379 3593 Pbilootem.
409 3527 480 3592 her.
514 3525 550 3612 ᾧ.
579 3529 612 3593 2.
670 3524 750 3591 Vim
779 3540 888 3589 autem
918 3546 956 3587 ac
985 3520 1185 3608 gravitatem

107 3650 194 3712 quae
220 3627 306 3694 inest
332 3629 368 3693 in
390 3626 596 3716 oppositione
616 3625 851 3717 pronominum
878 3613 967 3688 οὗτοί
984 3646 1018 3686 τε
1037 3658 1082 3671 -
1101 3619 1185 3705 ἡμᾶς

106 3752 144 3793 τε
165 3728 210 3793 ita
234 3729 366 3795 demum
387 3731 484 3818 plane
505 3728 704 3821 perspicies,
734 3727 763 3794 si
792 3726 876 3791 illud
899 3747 1028 3811 quoque
1049 3719 1184 3806 ἢμετέ-

109 3853 181 3915 ροο
201 3827 328 3896 πάππου
358 3846 389 3897 et
415 3828 514 3914 ἡμᾶς
542 3830 575 3895 ἓν
603 3828 764 3916 θυγατρὸς
790 3823 876 3912 αὑτῷ
902 3851 948 3910 ys.
969 3848 1052 3891 voce
1073 3826 1184 3891 inten-

106 3931 195 3997 tiore
216 3933 425 4021 pronuntiari
446 3932 596 3998 debuisse
617 3947 766 4021 reputes:
794 3933 909 3994 Noster
929 3948 1012 3994 avus
1033 3927 1183 4012 decessit,

106 4057 166 4098 scos
190 4050 325 4123 nepotes
358 4034 510 4121 reliqnit3
546 4049 656 4100 tamen
676 4035 726 4097 uli
744 4047 877 4121 petunt,
909 4052 966 4094 nos
984 4027 1111 4119 injurie
1131 4031 1183 4094 ss·

107 4135 237 4204 ficiunt.
259 4174 302 4185 -
332 4135 430 4222 Quod
459 4149 570 4202 autem
598 4133 749 4220 ἡμετέρου
778 4132 825 4199 ait
852 4146 884 4198 et
910 4126 1011 4214 ἡμᾶς,
1039 4129 1183 4196 ostendit

108 4260 179 4305 non
201 4261 236 4305 se
256 4239 367 4306 solum
393 4237 449 4304 sed
472 4237 555 4306 ulios
576 4251 745 4328 praeterea
767 4260 786 4302 e
808 4231 941 4302 Cironis
967 4231 1038 4299 iilia
1057 4231 1182 4297 liberos
