2632 4800
128 251 193 323 ddb
303 268 307 277 ·
492 229 541 312 nt
563 236 846 311 ORATIONEM

127 414 190 506 χρὴ
210 411 297 482 τάδε.
333 408 498 481 v(letarum
518 409 596 477 talis
617 406 780 499 oppositio
795 430 899 495 quum
917 404 975 475 vel
995 402 1149 472 maxime
1170 404 1213 472 ad

118 540 203 597 ,rem
222 513 406 605 pertineat,
438 514 523 579 solet
535 513 606 576 lere
625 509 681 576 illi
701 505 875 591 ἐβουλόμην
893 507 996 574 etiam
1017 507 1214 574 concessiva

130 616 295 709 particula
314 613 370 698 ph
387 612 486 697 addi,
516 610 611 699 quasi
627 611 788 697 quaedam
807 607 1021 699 oppositionis
1040 632 1214 698 praenun-

130 722 182 786 cia
193 760 206 802 ,
234 737 334 803 quam
356 736 458 799 quum
479 727 594 779 nostro
614 712 688 777 loco
709 710 791 777 libri
811 732 882 776 non
901 711 1070 790 habeant,
1102 709 1214 777 inser·

129 835 200 888 tam
232 833 344 883 tamen
379 836 401 879 a
427 812 587 880 Bekkero
621 813 801 879 exturbare
818 810 934 877 nolui.
996 809 1213 898 Quamquam

51 946 56 963 ³
129 941 267 1010 prorsus
287 939 357 982 non
378 937 474 1003 posse
501 915 615 980 abesse
637 913 791 1001 equidem
811 936 879 979 non
899 912 1148 996 contenderim,
1180 927 1213 980 et

129 1014 222 1087 abest
241 1018 278 1084 in
298 1018 373 1082 loco
394 1039 463 1081 non
484 1015 654 1098 absimili,
684 1014 861 1083 Demostb.
882 1036 1034 1100 prooem.
1055 1036 1093 1101 p.
1112 1012 1211 1098 1441,

129 1124 170 1188 72
202 1114 377 1201 ἐβουλόμην
404 1115 462 1197 dir,
498 1109 535 1183 ὦ.
564 1114 598 1180 ἀ.
623 1113 696 1182 Ἀθ.
707 1162 718 1195 ,
749 1114 809 1200 τὴν
835 1115 906 1199 ἴσην
942 1113 1086 1198 σπουδὴν
1113 1115 1211 1191 ἑνίσας

129 1227 290 1297 ποιεῖσάαι
309 1235 363 1269 -·
392 1222 448 1282 νῦν
469 1215 503 1282 δ’
526 1216 604 1283 ἔνιοί
619 1242 674 1300 μοι
695 1219 822 1283 δοκοῦσι
841 1221 910 1306 κτλ.Ι
951 1216 1038 1295 Nam
1059 1215 1149 1304 quod
1169 1214 1209 1281 ἀν

129 1324 167 1391 b.
194 1322 221 1390 l.
252 1317 402 1387 additum
433 1333 500 1403 est,
536 1319 623 1406 apud
653 1317 786 1386 Isaeum
817 1314 929 1385 autem
959 1317 1142 1403 omissum,
1172 1317 1207 1383 id

129 1423 257 1490 nullius
277 1422 319 1487 ad
340 1421 427 1486 banc
448 1420 584 1508 quidem
603 1443 678 1486 rem
698 1420 860 1513 momenti
881 1433 941 1487 est.
963 1456 1008 1471 -
1040 1419 1128 1505 Mox
1147 1441 1208 1510 pro

129 1525 232 1608 ’ψευδῆ
260 1522 354 1607 λέγειν
382 1522 500 1589 malim
531 1522 683 1609 equidem
704 1522 806 1589 scribi
827 1520 868 1587 τά
888 1522 992 1605 ψευδῆ
1011 1519 1124 1605 λέγειν,
1155 1535 1207 1586 ut-

129 1641 205 1714 pote
226 1637 259 1690 et
279 1638 450 1691 oratorum
471 1624 704 1691 consuetudini
725 1639 758 1690 et
777 1624 830 1691 rei
851 1624 919 1712 ipsi
938 1623 1044 1710 magis
1067 1646 1206 1713 consen·

18 1725 22 1733 '
129 1741 281 1810 taneum,
318 1739 351 1792 et
380 1725 468 1813 quod
499 1725 750 1793 commendetur
782 1728 839 1793 vel
867 1739 1004 1814 propter
1036 1723 1206 1811 sequentia

128 1829 233 1896 verba
253 1825 381 1910 τάληθῆ
408 1829 501 1893 alneio
529 1831 718 1912 δυνηθῆναι.
759 1826 815 1894 De
835 1827 1028 1915 loquutione
1051 1826 1143 1910 δίκην
1163 1823 1203 1890 ei'-

130 1953 212 2015 ρηκα
233 1929 358 1997 dictum
379 1944 428 1994 est
448 1930 491 1995 ad
514 1954 565 1996 or.
589 1930 630 1997 de
650 1929 778 2020 Pyrrh.
799 1930 874 1998 ber.
897 1936 932 2010 9.
953 1931 1009 1996 22.
1158 2014 1160 2018 Ι

215 2028 254 2117 5.
276 2031 310 2096 2.
343 2026 543 2115 ἠνάγκασμαι
568 2031 626 2114 μέν
653 2022 709 2097 οὖν
736 2069 781 2084 --
807 2030 864 2114 τὴν
893 2032 1015 2116 μητέρα
1041 2029 1102 2114 τὴν
1130 2026 1204 2114 ἀμὴν

129 2128 207 2216 πρὸς
228 2133 268 2215 τῇ
280 2127 436 2217 ἀνακρίσει
450 2130 657 2219 Ἀριστάρχου
671 2128 749 2198 εἶναι
767 2131 906 2221 ἀδελφὴν
920 2129 1203 2219 προσγράψασθαι.

129 2229 323 2321 suspicetur
353 2232 474 2320 aliquis
495 2258 555 2323 pro
582 2238 623 2320 τῇ
650 2233 807 2322 ἀνακράσει
827 2235 1147 2345 reponenduqusse
1165 2234 1203 2318 τῇ

129 2331 319 2420 ἀντιγραφῇ,
348 2334 453 2402 libello
477 2336 625 2423 petitorio
654 2337 739 2422 (vid.
761 2337 804 2403 de
824 2337 897 2403 ord.
924 2335 1027 2427 judic.
1048 2356 1086 2423 p.
1109 2336 1201 2422 629),

127 2435 405 2522 quemadmodum
425 2437 511 2526 apud
525 2437 666 2529 lysiam
686 2437 875 2529 inAgorat.
896 2463 929 2528 p.
943 2438 1007 2507 505
1027 2438 1200 2527 magistra·

46 2604 49 2609 ,
127 2550 223 2603 tuum
252 2536 346 2628 jussu
376 2536 543 2623 ἀπαγωγῆς
579 2526 705 2609 libello
728 2541 854 2628 aliquid
886 2538 1093 2630 adscriptum
1119 2538 1199 2625 legi·

125 2661 218 2705 mus:
254 2640 382 2704 δοκοῦσι
411 2637 445 2703 d'
476 2638 576 2725 ἔμοιγε
607 2640 637 2707 oi
669 2642 776 2708 ἕνδεκα
806 2642 837 2709 οἳ
866 2636 1116 2727 παραδεξάμενοι
1144 2639 1196 2722 τὴν

101 2727 293 2824 ’ἀπαγωγὴν
312 2777 356 2790 -
375 2739 649 2828 προσγράψασθαι
669 2742 739 2810 τότε
765 2742 822 2809 ἐπ’
851 2739 1085 2830 αὐτοφώρῳ.
1132 2742 1196 2809 Aut

123 2839 271 2906 faciliori
292 2841 393 2909 etiam
414 2844 599 2911 mutatione
619 2844 652 2910 ἒν
673 2851 713 2932 τῇ
734 2845 891 2932 ἀνακρίσει
911 2843 1133 2933 rescribatur,
1162 2843 1195 2906 ι’νι

124 2942 188 3005 litis
207 2943 427 3024 instructione,
449 2960 487 3011 ut
507 2947 607 3012 bodie
627 2946 702 3014 lcti
721 2950 920 3036 loquuntur3
948 2947 1082 3031 named
1103 2967 1195 3032 προσ-

122 3037 315 3128 γράψασθαι
335 3046 434 3112 facile
455 3048 717 3136 subintelligitur
733 3050 863 3118 dativus
884 3053 926 3134 τῇ
948 3046 1125 3134 ἀντιγραφῇ
1144 3045 1193 3114 vel

122 3146 163 3228 τῇ
179 3141 272 3227 λήξει.
315 3144 445 3232 Quodsi
463 3172 564 3217 sanus
582 3165 630 3217 est
642 3152 753 3237 locus,
775 3151 985 3234 statuendum
997 3150 1073 3234 erit,
1094 3151 1192 3239 ipsam

122 3236 282 3328 ἀνάκρισιν
294 3247 416 3335 scripto
430 3252 656 3340 consignatam
670 3276 708 3319 ac
720 3253 885 3345 judicibus
897 3251 1104 3342 propositam
1116 3272 1190 3331 esse,

121 3351 240 3429 easque
260 3343 450 3430 ἀνακρίσεως
470 3354 618 3438 tabulas,
663 3355 756 3442 quasi
778 3355 943 3442 quoddam
963 3342 1189 3440 protocolldnr,

120 3455 154 3506 et
172 3443 261 3532 ipsas
287 3444 448 3534 ἀνάκρισιν
477 3469 611 3521 vocatas
632 3478 721 3538 esse3
752 3478 952 3544 quamquam
973 3452 1081 3538 alibi,
1104 3440 1189 3540 ,quod

119 3544 253 3628 quidem
275 3571 338 3634 ego
360 3551 483 3633 sciam,
515 3555 615 3646 hujus
636 3557 742 3625 moris
763 3561 857 3625 nulla
878 3554 1003 3624 mentio
1024 3558 1079 3639 fit.
1121 3551 1190 3623 Iam

117 3665 197 3710 vero
218 3646 298 3713 huic
317 3653 373 3719 vel
390 3658 576 3741 protocollo
591 3661 648 3726 vel
668 3659 785 3726 libello
806 3660 891 3726 illud
912 3682 948 3724 se
968 3679 1106 3745 possum
1127 3677 1189 3722 esse

39 3790 42 3800 .
116 3743 164 3808 ait
185 3759 222 3810 ut
243 3749 509 3838 adscriberetur,
538 3776 681 3827 matrem
702 3743 799 3831 suam
818 3784 967 3847 sororem
988 3758 1094 3833 ,fuitse
1115 3755 1191 3825 Asi-

114 3847 239 3912 starchi
268 3851 410 3920 minoris
430 3854 538 3948 nuper
559 3858 726 3946 defuncti,
758 3863 879 3953 quippe
907 3861 963 3949 qui
975 3906 988 3945 ,
1006 3875 1054 3927 -ut
1077 3863 1189 3928 adver·

112 3945 195 4061 samii
216 3955 479 4042 contendebant,
520 3963 657 4051 majoris
678 3963 868 4032 Aristarchi
894 3963 985 4031 filius
1007 3979 1095 4031 esset
1115 3963 1189 4030 odo·

110 4060 240 4158 puvus,
278 4075 317 4117 ac
336 4058 435 4143 proin
455 4063 608 4135 mulieris
638 4064 731 4132 illins
752 4090 816 4154 per
836 4065 1051 4156 adoptionem
1072 4067 1186 4143 {rater3

108 4144 207 4232 ldque
224 4169 398 4243 propterea
409 4183 444 4226 se
458 4163 529 4252 pati
543 4165 746 4256 oportuisse,
768 4168 929 4257 quoniam
950 4192 1022 4239 nou
1043 4165 1186 4259 potuerit
