2632 4800
186 172 351 294 ιιοῖ
545 214 908 331 missericors
987 222 1052 321 ,'

187 407 260 460 tum
281 389 438 456 ἀπέδοσαν
464 389 624 480 posuerit.
645 426 691 441 -
717 385 818 463 οάτως
837 386 967 469 ἔχοντας
987 384 1029 453 dc
1050 384 1162 476 ἀτιμία
1184 386 1268 480 scci-

187 495 348 584 piendum
375 516 458 581 esse¹
476 491 619 560 ostendit
645 491 835 580 oppositum
865 489 1005 570 ἐπίτιμον
1031 484 1128 556 tna:
1161 487 1270 576 etqui

189 596 445 679 ἀτιμοιιιιιαιιῐ,
471 592 546 681 lege
568 615 667 679 egere
687 617 755 659 non
778 591 923 681 potuisse
944 605 1085 658 constet.
1128 589 1213 658 Vid.
1230 589 1280 660 ed,

189 721 240 766 or.
263 699 304 764 de
324 696 516 766 Aristarch.
536 695 610 761 her.
640 694 678 782 ᾖ.
701 697 747 762 20
766 710 798 760 et
818 694 867 760 ib.
892 706 962 760 not.
996 729 1001 747 ι
1029 704 1035 722 ·

272 796 322 867 Π.
366 796 557 887 EDionys.
579 795 606 863 l.
628 797 654 862 1.
677 821 711 885 p.
731 797 795 862 610
817 793 924 881 (340).
946 829 991 844 ·-
1012 790 1266 883 corruptissimi

188 899 290 990 hujus
309 897 491 986 fragmenti
512 896 674 965 sententis
690 896 767 962 talis
789 919 860 963 esse
872 896 1024 964 videtur:
1057 894 1269 982 conqueritur

188 1000 311 1090 uliquis
337 1023 373 1068 te
401 996 563 1080 ἐπισκευὴν
590 998 757 1086 quondum
777 998 813 1064 h.
835 1021 867 1066 e.
891 996 1034 1065 aedificii
1055 996 1267 1089 refectionum

189 1107 318 1172 efficere
359 1099 549 1188 nequivisse
583 1098 852 1167 adversariorum
887 1101 1002 1189 culpe,
1040 1098 1167 1188 quippe
1202 1099 1266 1186 qui,

187 1207 293 1297 ipsius
313 1201 526 1269 facultatibus
546 1201 670 1292 purtim
691 1224 752 1288 per
780 1200 934 1288 liturgias
956 1200 1161 1291 absumptis,
1197 1224 1268 1290 par·

187 1310 251 1375 tim
271 1329 333 1395 pro
354 1328 391 1370 re
413 1303 556 1391 quodem
582 1303 743 1369 conducto
770 1300 1020 1393 oppigneretis,
1048 1326 1135 1388 quac
1154 1302 1267 1369 solutis

189 1434 236 1477 ex
255 1404 475 1474 conductione
496 1402 616 1471 debitis
644 1404 709 1471 sibi
731 1404 861 1492 reliquo
880 1406 995 1470 futura
1013 1402 1183 1489 fuissent,
1214 1404 1269 1472 lite

188 1525 280 1578 moto
310 1508 440 1598 eripere
466 1504 534 1575 sibi
560 1506 671 1574 consti
691 1503 771 1575 siut.
792 1542 838 1559 -·
868 1504 1087 1595 Corruptelse
1103 1508 1269 1597 plurimae

136 1679 144 1703 ,
189 1625 267 1680 sunt
287 1624 320 1675 et
340 1608 587 1698 apertissimae·
619 1608 806 1675 emendatio
826 1623 914 1674 certe
935 1631 1054 1675 vereor
1065 1622 1105 1673 ut
1124 1606 1270 1677 inveniri

189 1712 307 1805 possit
347 1712 435 1778 Nom
450 1706 584 1779 Reiskii
604 1710 769 1778 rationem
785 1708 970 1776 accuratius
986 1709 1193 1796 redarguere
1208 1734 1270 1778 nou

189 1838 273 1903 opus
296 1827 366 1893 est,
395 1837 453 1901 qm
442 1812 610 1899 quidem
630 1827 844 1902 personatum
871 1812 985 1879 locum
1004 1826 1100 1901 putot
1127 1814 1269 1904 reposito

188 1941 279 1995 vers.
292 1910 669 1998 ἀκαταλελειτοαργηκότι
686 1936 747 2003 pro
765 1911 1124 1997 καταλελεποιιργηκάτα
1141 1931 1176 1982 et
1188 1934 1268 1984 vers.

178 2014 213 2087 ’5
231 2042 271 2111 μι
298 2040 360 2106 pro
386 2013 480 2099 μέν,
497 2015 584 2101 quod
606 2014 737 2104 priores
758 2016 851 2082 editt.
879 2016 1020 2098 hebent,
1050 2017 1268 2085 commotio-

189 2142 269 2185 nem
290 2131 401 2184 sutem
422 2116 510 2182 hanc
531 2139 602 2184 esse
622 2115 757 2183 statuit·
788 2106 879 2182 οὗτοι
899 2111 1056 2183 ἔκοόλασόν
1076 2142 1121 2201 με
1144 2113 1263 2203 ποιήσι·

190 2226 273 2287 σθαι
299 2217 358 2302 τὴν
388 2217 568 2301 ἐπισκευὴν,
603 2204 747 2300 λαχόντες
780 2218 848 2301 ἐμοὶ
882 2214 1075 2302 τηλικαύτην
1105 2209 1267 2307 δάιηι,ᾧ

190 2327 364 2408 προσῆκεν,
392 2316 652 2386 ἀποδεδωκότι
614 2344 673 2396 τας
686 2318 858 2402 μισθώσεις
865 2368 877 2399 ,
904 2317 1039 2403 ἔχειν’
994 2345 1104 2411 παιτα
1121 2321 1163 2389 τά
1176 2317 1267 2407 ιιπάρ·

187 2448 288 2507 χοντα
308 2418 429 2510 τοάτιμ,
458 2420 494 2498 ἀς
513 2419 614 2487 πάντα
634 2423 692 2506 μὲν
712 2414 810 2489 edito
831 2421 871 2488 τό
892 2419 951 2498 ἔξω
971 2427 1036 2488 τῶν
1051 2421 1265 2511 ,ἀποτιμηθέν-

190 2550 254 2592 των
285 2522 372 2611 αάτῷ
399 2522 476 2589 ὄντα
504 2521 847 2611 accommodemus,
880 2526 908 2589 εἰ
925 2518 963 2589 ’δὲ
983 2526 1189 2605 δανείζεσθαι
1209 2521 1265 2609 ἐζή-

190 2652 251 2707 tes,
288 2624 344 2692 οάκ
372 2625 411 2690 ἀν
440 2617 509 2710 εὗρε
539 2625 595 2692 τόν
621 2625 673 2691 ἐπ’
703 2625 809 2702 αάτοῖς
837 2626 935 2691 πλέον’
957 2645 990 2691 τι·
1011 2629 1213 2695 δανείσαντα.
1231 2663 1263 2678 ·-

189 2727 263 2816 Ego
284 2727 521 2816 veroprimum
538 2727 716 2796 relativum
737 2728 821 2794 illud
845 2717 870 2817 ᾧ
891 2752 979 2797 vers.
1003 2729 1035 2813 1,
1058 2731 1149 2816 quod
1175 2752 1263 2818 quum

189 2828 237 2895 ita
257 2828 402 2918 positum
423 2829 486 2911 sit,
517 2842 553 2894 ut
581 2831 767 2897 necessario
789 2832 978 2917 requiratur
997 2830 1262 2919 insequentibus

97 2975 99 2979 <
189 2929 318 3017 aliquid
344 2952 410 3017 quo
441 2930 622 3014 referatur,
654 2931 744 2998 nihil
771 2948 882 3011 ιμιιιιιι
909 2933 1028 3014 hebet,
1062 2956 1130 3019 quo
1156 2930 1263 3001 referri

189 3030 313 3120 possit,
346 3047 541 3118 corruptum
562 3035 727 3099 affirmare
748 3057 817 3100 non
838 3034 966 3100 dubito.
1011 3020 1092 3101 Jam
1113 3059 1200 3103 vero
1220 3059 1262 3100 ιι
1304 3110 1306 3121 Ι

188 3130 502 3217 ταλελειτοιιργηκότα
523 3158 628 3220 neque
650 3134 761 3223 ipsum
782 3137 884 3202 habet
904 3134 993 3201 unde
1013 3136 1185 3223 pendeat,
1217 3160 1258 3202 ne

189 3257 253 3321 qne
282 3232 313 3299 si
351 3233 390 3300 in
423 3233 587 3303 dativum
606 3251 771 3317 mutetur,
804 3236 985 3324 quidquam
1014 3259 1055 3302 eo
1086 3240 1261 3327 proficitur·

188 3334 340 3403 Ροιιο
328 3359 366 3399 tn
392 3335 447 3402 his
478 3336 680 3425 δανειζομένῳ
711 3337 743 3402 δ’
777 3337 926 3413 οάδιδς”
906 3364 946 3402 αν
966 3336 1081 3403 εδωκιν
1102 3377 1154 3390 -
1177 3339 1258 3413 αὔδα,

190 3433 400 3502 ἀποδεδωκότι
416 3434 485 3512 ιτάς
504 3437 689 3519 μισθώσεις,
721 3439 798 3522 ἔχειν
818 3445 886 3505 κτλ.
908 3440 1002 3506 nulla
1023 3455 1075 3507 est
1096 3441 1255 3518 sententis,

189 3538 247 3604 sed
270 3554 406 3627 apparet
433 3540 598 3606 excidisse
626 3540 793 3632 objectum
813 3540 921 3609 verbi
932 3539 1026 3623 ὄζειν,
1059 3543 1168 3631 idque
1191 3543 1256 3631 ejus·

188 3639 300 3722 modi,
329 3639 415 3725 quod
439 3658 661 3730 opponeretur
682 3642 736 3708 illi
757 3641 777 3706 ἀ
799 3643 856 3724 μέν
879 3639 1026 3727 ὑπῆρχεν.
1069 3643 1154 3713 Hoc
1175 3646 1258 3734 igitur

188 3739 415 3829 reponendum
440 3758 507 3822 est,
530 3758 561 3808 et
578 3743 712 3862 quidem
728 3744 911 3813 anteverb.
928 3743 1163 3814 ἀποδεδωκότι.
1202 3746 1257 3812 De·
1302 3808 1306 3823 ,

100 3836 101 3840 ¹
187 3840 290 3927 nique
309 3865 399 3909 vers.
421 3842 521 3924 ὃμὲν
541 3844 623 3931 quin
643 3846 681 3912 in
697 3871 736 3928 με
757 3846 953 3913 mutandum
973 3844 1017 3912 sit
1038 3872 1115 3915 non
1138 3847 1257 3916 dubium

189 3957 254 4008 est·
284 3944 498 4028 quomobrem
520 3946 584 4012 hoc
605 3947 718 4013 statim
739 3948 884 4037 reposui.
927 3944 1056 4035 Jom
1027 3973 1058 4015 ιι
1081 3953 1172 4018 mihi
1190 3943 1257 4016 illud

146 4072 149 4077 ·
189 4031 216 4130 ᾧ
242 4043 279 4108 in
307 4046 377 4124 καὶ,
415 4047 808 4134 καταλελειτοιιμγηκότα“
796 4074 850 4115 ιιι
865 4030 1189 4140 καταλελιιτοόργηκα
1215 4059 1258 4116 ott

188 4144 527 4235 καταλελειιοιιργήκιιν
547 4166 676 4220 mutare
698 4152 915 4243 concedetur,
942 4153 1137 4241 probabilis
1160 4153 1257 4222 existet
