2632 4800
220 317 283 386 ns
305 270 971 394 aroauouoa1uausu1nars.f
1055 296 1125 394 'aaa

83 489 127 557 id
141 491 248 558 obstet
260 514 325 578 quo
346 490 456 557 minus
470 487 643 577 Προνάπης
664 490 781 558 tertiae
802 492 1032 579 declinationis
1053 517 1124 562 esse

83 592 215 660 edatur.
916 608 923 617 “

106 727 109 731 ·
134 694 172 782 ᾖ.
197 696 248 762 19.
272 691 336 758 ἔστι
359 692 393 758 δὲ
414 689 510 776 νόμος
528 727 581 758 —-.
604 691 684 759 Vid.
707 692 855 760 Bunsen.
878 718 912 781 p.
932 697 987 762 27.

134 794 207 861 οάδέ
227 797 305 881 παρ’
328 793 434 870 αὐτοῖς
448 791 579 870 τούτοις.
622 793 688 860 Ηίο
701 819 829 883 quoquc
843 795 1122 886 praepositionem

83 896 208 965 eiskius
230 898 385 963 omissam
406 898 533 963 mallet.
578 893 644 964 Sed
667 897 710 963 cf.
733 897 774 970 ad
797 896 834 983 ᾖ.
858 897 891 963 5.

132 1004 191 1064 τοῦ
211 997 270 1084 γὰρ
286 995 458 1073 Εὐπόλιδος
478 997 558 1072 υἱέος
579 994 711 1072 ἄπαιδος
726 994 960 1082 Ἀπολλοδώρου
981 997 1122 1083 τελευτή-

84 1124 175 1176 noc.
216 1101 270 1167 De
294 1103 363 1189 uhac
392 1100 572 1167 verborum
601 1099 816 1166 collocatione
841 1100 912 1168 vid.
944 1101 1057 1167 ador.
1080 1089 1121 1168 de

83 1202 195 1271 riloct.
216 1203 290 1269 her.
315 1202 351 1290 ᾧ.
366 1205 419 1268 2².
464 1201 536 1267 Vix
557 1214 666 1266 autem
688 1225 769 1290 opus
791 1203 839 1267 es't
860 1225 1008 1287 monere,
1030 1203 1121 1269 hunc

83 1304 293 1396 pollodorum
313 1301 487 1392 Eupolidis
515 1302 545 1368 ἰ.
564 1324 633 1367 non
664 1326 734 1368 esse
755 1304 1022 1370 confundendum
1044 1328 1120 1373 cum

84 1405 246 1493 gnomine
278 1404 456 1496 Thrasylli
488 1403 577 1489 filio,
616 1404 656 1469 de
689 1403 781 1496 cujus
817 1430 906 1471 nuno
938 1406 1120 1475 hereditate

83 1520 204 1574 rtatur.

133 1608 304 1684 οάσλαςιιαὶ
317 1606 740 1698 πεντεταλάντου-ῥᾳδίοις.
771 1609 810 1673 V
805 1612 838 1674 el
842 1610 975 1695 quinque
983 1613 1120 1678 talento·

83 1734 115 1777 m
123 1712 324 1798 patrimonio.
350 1710 404 1780 cl.
421 1712 461 1776 de
475 1710 591 1778 Ciron.
606 1711 722 1782 hored.
741 1711 778 1798 ᾗ.
796 1712 855 1777 35:
886 1710 980 1797 ἀγρὸν
995 1715 1047 1777 καὶ
1059 1720 1119 1778 τα-“

83 1812 163 1889 {arton
184 1811 298 1901 ῥᾳδίοις
320 1812 416 1890 ἀξιον.
458 1813 549 1881 Add.
571 1812 736 1880 Fritzsch.
763 1812 914 1899 Quaestt.
929 1812 1012 1882 Luc.
1034 1835 1068 1904 p.
1081 1817 1116 1883 8.

108 1916 170 2003 '§.
193 1919 246 1982 20.
274 1915 309 1981 οῖ’
338 1915 376 1979 ἀν
407 1916 442 1980 ἐκ
466 1921 529 1997 τῶν
556 1914 660 1981 adnuis
689 1907 756 1980 ὦσι.
799 1914 850 1982 lta
870 1914 939 2006 jam
959 1916 1117 1986 Reiskins

83 2019 226 2105 gendum
248 2016 406 2107 conjecit,
434 2030 466 2083 et
487 2021 661 2083 confirmat
682 2017 768 2119 lianc
788 2017 967 2084 lectionem
987 2035 1119 2108 praeter

83 2119 165 2185 vtimi
193 2119 315 2185 codicis
342 2119 570 2185 auctoritatem
599 2119 699 2186 etiam
727 2118 879 2205 geminus
911 2122 1002 2186 locus
1029 2122 1116 2210 apud

83 2221 307 2287 emosthenem
330 2221 406 2287 adv.
429 2220 566 2287 Macart.
589 2245 623 2309 p.
647 2218 742 2302 1067,
764 2221 804 2286 8:
844 2230 967 2306 κρατεῖν
988 2223 1023 2286 δὲ
1042 2221 1117 2300 roric

83 2320 180 2409 ῖρενας
200 2323 253 2386 καὶ
274 2321 347 2397 τοὺς
367 2320 401 2385 ’en
421 2326 484 2385 τῶν
505 2321 658 2408 ἀῤῥὲνων,
691 2320 746 2385 ἐὰν
767 2320 800 2384 ἐκ
820 2327 884 2387 τῶν
906 2320 1008 2388 αὐτῶν
1029 2316 1115 2391 dou.
1155 2332 1157 2337 ’

83 2448 120 2491 oc
141 2430 252 2491 antem
271 2424 304 2488 ἐκ
325 2427 388 2488 τῶν
410 2420 512 2487 αὐτῶν
533 2446 631 2508 quam
652 2422 723 2490 vim
745 2422 882 2506 habeat,
914 2448 1019 2511 neque
1034 2426 1116 2494 Rei-

83 2525 141 2591 ssius
161 2548 272 2591 secum
299 2525 370 2613 ipse
391 2525 568 2600 consentit,
604 2536 709 2610 neque
730 2548 805 2589 cum
826 2523 965 2592 Reiskio
986 2526 1115 2595 Bunse-

83 2650 133 2692 us.
177 2627 262 2693 Nam
292 2626 351 2692 illo
379 2625 510 2711 quidem
532 2623 572 2689 ad
594 2625 632 2691 h.
653 2625 679 2691 l.
702 2623 874 2691 subaudiri
901 2624 994 2715 jubet
1015 2617 1059 2692 ὧν
1081 2630 1115 2694 αἱ

83 2724 172 2810 iloto!
190 2731 281 2807 εἰσιν,
309 2728 349 2792 ad
372 2727 632 2792 Demosthenem
653 2741 780 2810 autem,
794 2724 967 2815 'Apparet
990 2729 1065 2796 orit.
1080 2730 1115 2798 V

101 2830 177 2913 113,
202 2854 256 2895 eos
279 2829 447 2913 designari
470 2827 570 2910 dicit,
601 2826 660 2912 qui
679 2827 746 2893 sint
767 2850 812 2892 ex
833 2827 948 2893 eodem
968 2844 1060 2917 patre
1082 2847 1114 2899 et
1201 2818 1204 2822 ⁵

83 2956 89 2997 :
109 2931 223 2997 eadem
238 2948 361 2996 matre:
389 2953 453 3016 quo
469 2930 688 2995 excludantur
707 2930 825 2994 fratres
846 2928 1020 3000 ediversis
1040 2958 1114 2999 ma·

83 3032 163 3098 ibus.
217 3032 322 3119 Atqui
349 3031 518 3111 ἀνεψιαδοῖ
541 3055 576 3098 v.
611 3055 640 3097 ο.
673 3030 766 3106 διιο,-
790 3031 1026 3121 ecdempatre
1055 3036 1111 3101 sed

83 3134 180 3205 iabus·
201 3134 361 3213 matribus
388 3131 558 3221 prognati,
591 3131 706 3197 eadem
732 3132 854 3197 tamen
868 3133 1112 3222 propinquitate

83 3236 234 3317 εψιαδοῢν
256 3236 443 3300 defunctum
474 3234 657 3320 attingunt,
685 3248 802 3298 neuter
832 3250 949 3301 neutro
976 3237 1113 3328 propior

83 3328 112 3418 ῖς
135 3338 179 3401 'ut
196 3359 329 3424 prorsus
350 3335 546 3402 incredibile
569 3336 611 3401 sit
624 3360 669 3400 ex
689 3335 743 3400 his
759 3335 901 3401 alterum
920 3338 958 3402 in
979 3339 1123 3429 capien·.

106 3437 286 3503 hereditate
307 3437 402 3503 alteri
419 3437 580 3526 praeferri
599 3435 756 3525 potuisse.
798 3436 911 3524 Neque
932 3437 1015 3504 illud
1037 3441 1112 3507 fieri

84 3552 166 3621 test,
188 3554 224 3605 ut
244 3538 478 3605 subaudiamus
500 3539 533 3615 ἐξ
553 3528 598 3604 ὧν
620 3537 654 3602 αἴ
673 3536 804 3622 θήλειαι.
845 3537 932 3605 Nam
948 3539 1005 3626 qui
1022 3537 1111 3628 ejus·
1133 3564 1136 3571 ’

83 3660 119 3704 m
148 3639 293 3706 hominis
326 3640 469 3706 destructi
499 3641 554 3706 vel
583 3638 752 3723 ἀνεψιαδοῖ
768 3654 845 3708 sunt
864 3640 921 3705 vel
942 3639 1115 3721 ἀνεψιαδοῖ

83 3737 121 3814 ἀς
149 3739 268 3824 πατρὸς
297 3741 351 3826 (de
380 3741 433 3807 his
464 3743 575 3826 enim,
605 3765 673 3808 non
700 3742 741 3808 de
768 3742 830 3824 iis,
860 3739 1013 3827 quisunt
1033 3741 1111 3829 πρὸς

85 3838 176 3927 τρδς,
208 3844 266 3909 lex
286 3843 445 3930 loquitur)
468 3868 568 3930 quum
588 3844 708 3910 iisdem
729 3856 826 3929 atque
845 3840 906 3907 illo
926 3841 1109 3931 majoribus

83 3941 196 4029 agnati
222 3943 306 4028 sint,
335 3947 402 4012 non
430 3960 567 4035 possunt
594 3969 662 4010 non
687 3944 776 4009 inter
803 3966 838 4009 so
867 3942 901 4006 ἐκ
921 3948 984 4008 τῶν
1005 3941 1109 4009 αὐτῶν

86 4066 130 4108 αι.
172 4043 246 4110 Non
258 4044 363 4132 igitur
376 4045 647 4141 condicionaliter
662 4045 725 4110 hoc
741 4044 820 4134 poni
836 4043 992 4129 debebat,
1014 4045 1108 4131 quasi

83 4142 118 4211 ri
135 4142 233 4211 etiam
253 4161 364 4234 posset
370 4138 389 4230 ,¹
403 4161 440 4212 ut
456 4171 521 4212 non
540 4163 647 4241 essent
662 4145 696 4211 ἰιι
709 4152 772 4210 τῶν
794 4143 907 4210 αὐτῶν.
948 4145 1006 4213 An
1022 4147 1107 4213 forte

83 4268 97 4315 s
118 4258 249 4315 tantum
270 4244 459 4330 ἀνιψιαδοάς
479 4264 511 4314 et
536 4244 709 4332 ἀνεψιαδιῖς
727 4246 875 4335 intelligi
894 4246 1028 4335 voluit,‘
1048 4248 1106 4336 qni
