<?xml version="1.0" encoding="UTF-8"?>
<!DOCTYPE html PUBLIC "-//W3C//DTD XHTML 1.0 Transitional//EN"
    "http://www.w3.org/TR/xhtml1/DTD/xhtml1-transitional.dtd">
<html xmlns="http://www.w3.org/1999/xhtml" xml:lang="en" lang="en">
 <head>
  <title>
</title>
<meta http-equiv="Content-Type" content="text/html;charset=utf-8" />
  <meta name='ocr-system' content='tesseract 3.04.00' />
  <meta name='ocr-capabilities' content='ocr_page ocr_carea ocr_par ocr_line ocrx_word'/>
</head>
<body>
  <div class='ocr_page' id='page_1' title='image "./isaeiorationesx00isaegoog_0194.png"; bbox 0 0 2632 4800; ppageno 0'>
   <div class='ocr_carea' id='block_1_1' title="bbox 317 289 1190 364">
    <p class='ocr_par' dir='ltr' id='par_1_1' title="bbox 317 289 1190 364">
     <span class='ocr_line' id='line_1_1' title="bbox 317 289 1190 364; baseline 0.003 -4"><span class='ocrx_word' id='word_1_1' title='bbox 317 290 382 361; x_wconf 90' lang='lat' dir='ltr'><strong>DE</strong></span> <span class='ocrx_word' id='word_1_2' title='bbox 405 289 644 361; x_wconf 82' lang='lat' dir='ltr'><strong>GLEONYMI</strong></span> <span class='ocrx_word' id='word_1_3' title='bbox 669 290 989 362; x_wconf 80' lang='lat' dir='ltr'><strong>HEREDITATE.</strong></span> <span class='ocrx_word' id='word_1_4' title='bbox 1126 297 1190 364; x_wconf 79' lang='lat'><strong>173</strong></span> 
     </span>
    </p>
   </div>
   <div class='ocr_carea' id='block_1_2' title="bbox 85 454 1284 2076">
    <p class='ocr_par' dir='ltr' id='par_1_2' title="bbox 85 454 1284 2076">
     <span class='ocr_line' id='line_1_2' title="bbox 85 454 1284 556; baseline 0.003 -25"><span class='ocrx_word' id='word_1_5' title='bbox 85 463 210 555; x_wconf 65' lang='lat' dir='ltr'><strong>quasi</strong></span> <span class='ocrx_word' id='word_1_6' title='bbox 236 462 275 530; x_wconf 90' lang='lat' dir='ltr'><strong>in</strong></span> <span class='ocrx_word' id='word_1_7' title='bbox 307 476 502 531; x_wconf 78' lang='lat' dir='ltr'><strong>transcursu</strong></span> <span class='ocrx_word' id='word_1_8' title='bbox 529 463 615 529; x_wconf 91' lang='lat' dir='ltr'><strong>illud</strong></span> <span class='ocrx_word' id='word_1_9' title='bbox 643 487 771 549; x_wconf 88' lang='lat' dir='ltr'><strong>quoque</strong></span> <span class='ocrx_word' id='word_1_10' title='bbox 799 462 990 549; x_wconf 82' lang='lat' dir='ltr'><strong>attingitur,</strong></span> <span class='ocrx_word' id='word_1_11' title='bbox 1030 488 1076 532; x_wconf 85' lang='lat' dir='ltr'><strong>ex</strong></span> <span class='ocrx_word' id='word_1_12' title='bbox 1105 465 1188 556; x_wconf 77' lang='lat' dir='ltr'><strong>ipsis</strong></span> <span class='ocrx_word' id='word_1_13' title='bbox 1274 454 1284 479; x_wconf 63' lang='grc'><em>’</em></span> 
     </span>
     <span class='ocr_line' id='line_1_3' title="bbox 109 563 1187 652; baseline 0 -17"><span class='ocrx_word' id='word_1_14' title='bbox 109 563 317 635; x_wconf 82' lang='lat' dir='ltr'><strong>adversariis</strong></span> <span class='ocrx_word' id='word_1_15' title='bbox 346 566 526 633; x_wconf 82' lang='lat' dir='ltr'><strong>nonnullos</strong></span> <span class='ocrx_word' id='word_1_16' title='bbox 547 589 617 631; x_wconf 89' lang='lat' dir='ltr'><strong>non</strong></span> <span class='ocrx_word' id='word_1_17' title='bbox 638 564 771 651; x_wconf 89' lang='lat' dir='ltr'><strong>quidem</strong></span> <span class='ocrx_word' id='word_1_18' title='bbox 800 578 869 631; x_wconf 90' lang='lat' dir='ltr'><strong>tota</strong></span> <span class='ocrx_word' id='word_1_19' title='bbox 890 565 1097 652; x_wconf 85' lang='lat' dir='ltr'><strong>hereditate,</strong></span> <span class='ocrx_word' id='word_1_20' title='bbox 1128 568 1187 635; x_wconf 84' lang='lat' dir='ltr'><strong>aed</strong></span> 
     </span>
     <span class='ocr_line' id='line_1_4' title="bbox 108 663 1187 758; baseline 0.002 -24"><span class='ocrx_word' id='word_1_21' title='bbox 108 686 224 735; x_wconf 86' lang='lat' dir='ltr'><strong>tamen</strong></span> <span class='ocrx_word' id='word_1_22' title='bbox 251 666 364 754; x_wconf 87' lang='lat' dir='ltr'><strong>aliqua</strong></span> <span class='ocrx_word' id='word_1_23' title='bbox 390 665 461 758; x_wconf 83' lang='lat' dir='ltr'><strong>ejus</strong></span> <span class='ocrx_word' id='word_1_24' title='bbox 482 682 573 756; x_wconf 88' lang='lat' dir='ltr'><strong>parte</strong></span> <span class='ocrx_word' id='word_1_25' title='bbox 595 666 768 755; x_wconf 85' lang='lat' dir='ltr'>nepotibus</span> <span class='ocrx_word' id='word_1_26' title='bbox 791 663 967 755; x_wconf 77' lang='lat' dir='ltr'><strong>Cleonymi</strong></span> <span class='ocrx_word' id='word_1_27' title='bbox 990 668 1105 734; x_wconf 87' lang='lat' dir='ltr'><strong>cedere</strong></span> <span class='ocrx_word' id='word_1_28' title='bbox 1126 693 1187 757; x_wconf 90' lang='lat' dir='ltr'><strong>pa·</strong></span> 
     </span>
     <span class='ocr_line' id='line_1_5' title="bbox 107 768 1185 856; baseline 0 -19"><span class='ocrx_word' id='word_1_29' title='bbox 107 784 204 839; x_wconf 76' lang='lat' dir='ltr'><strong>rator</strong></span> <span class='ocrx_word' id='word_1_30' title='bbox 223 769 346 851; x_wconf 79' lang='lat' dir='ltr'><strong>fuisse3</strong></span> <span class='ocrx_word' id='word_1_31' title='bbox 374 792 438 855; x_wconf 87' lang='lat' dir='ltr'><strong>qua</strong></span> <span class='ocrx_word' id='word_1_32' title='bbox 460 769 592 854; x_wconf 88' lang='lat' dir='ltr'><strong>quidem</strong></span> <span class='ocrx_word' id='word_1_33' title='bbox 620 793 657 834; x_wconf 89' lang='lat' dir='ltr'><strong>re</strong></span> <span class='ocrx_word' id='word_1_34' title='bbox 677 768 715 833; x_wconf 88' lang='lat' dir='ltr'><strong>hi</strong></span> <span class='ocrx_word' id='word_1_35' title='bbox 736 791 797 856; x_wconf 94' lang='lat' dir='ltr'><strong>pro</strong></span> <span class='ocrx_word' id='word_1_36' title='bbox 818 782 1013 853; x_wconf 86' lang='lat' dir='ltr'><strong>argumento</strong></span> <span class='ocrx_word' id='word_1_37' title='bbox 1034 783 1185 852; x_wconf 84' lang='lat' dir='ltr'><strong>utuntur,</strong></span> 
     </span>
     <span class='ocr_line' id='line_1_6' title="bbox 109 868 1186 961; baseline 0.002 -23"><span class='ocrx_word' id='word_1_38' title='bbox 109 895 180 959; x_wconf 82' lang='lat' dir='ltr'><strong>quo</strong></span> <span class='ocrx_word' id='word_1_39' title='bbox 198 870 280 961; x_wconf 74' lang='lat' dir='ltr'><strong>ipsis</strong></span> <span class='ocrx_word' id='word_1_40' title='bbox 301 869 402 953; x_wconf 84' lang='lat' dir='ltr'><strong>etiam</strong></span> <span class='ocrx_word' id='word_1_41' title='bbox 433 868 633 937; x_wconf 84' lang='lat' dir='ltr'><strong>adversariis</strong></span> <span class='ocrx_word' id='word_1_42' title='bbox 659 884 890 936; x_wconf 85' lang='lat' dir='ltr'><strong>testamentum</strong></span> <span class='ocrx_word' id='word_1_43' title='bbox 916 870 1001 936; x_wconf 90' lang='lat' dir='ltr'><strong>illud</strong></span> <span class='ocrx_word' id='word_1_44' title='bbox 1033 870 1186 957; x_wconf 83' lang='lat' dir='ltr'><strong>iniquum</strong></span> 
     </span>
     <span class='ocr_line' id='line_1_7' title="bbox 107 968 1186 1041; baseline 0 -1"><span class='ocrx_word' id='word_1_45' title='bbox 107 972 226 1041; x_wconf 76' lang='lat' dir='ltr'><strong>vicum</strong></span> <span class='ocrx_word' id='word_1_46' title='bbox 245 995 317 1039; x_wconf 79' lang='lat' dir='ltr'><strong>ocae</strong></span> <span class='ocrx_word' id='word_1_47' title='bbox 339 972 576 1038; x_wconf 77' lang='lat' dir='ltr'><strong>demonstrent.</strong></span> <span class='ocrx_word' id='word_1_48' title='bbox 621 968 776 1037; x_wconf 77' lang='lat' dir='ltr'><strong>Ceterum</strong></span> <span class='ocrx_word' id='word_1_49' title='bbox 797 972 884 1037; x_wconf 86' lang='lat' dir='ltr'><strong>hanc</strong></span> <span class='ocrx_word' id='word_1_50' title='bbox 906 971 1103 1039; x_wconf 87' lang='lat' dir='ltr'><strong>dividendae</strong></span> <span class='ocrx_word' id='word_1_51' title='bbox 1124 976 1186 1040; x_wconf 91' lang='lat' dir='ltr'><strong>he·</strong></span> 
     </span>
     <span class='ocr_line' id='line_1_8' title="bbox 109 1072 1185 1168; baseline 0.003 -27"><span class='ocrx_word' id='word_1_52' title='bbox 109 1074 262 1141; x_wconf 85' lang='lat' dir='ltr'><strong>reditatia</strong></span> <span class='ocrx_word' id='word_1_53' title='bbox 283 1072 510 1141; x_wconf 90' lang='lat' dir='ltr'><strong>condicionem</strong></span> <span class='ocrx_word' id='word_1_54' title='bbox 536 1074 639 1139; x_wconf 86' lang='lat' dir='ltr'><strong>latam</strong></span> <span class='ocrx_word' id='word_1_55' title='bbox 667 1096 738 1139; x_wconf 80' lang='lat' dir='ltr'><strong>ecce</strong></span> <span class='ocrx_word' id='word_1_56' title='bbox 760 1087 894 1162; x_wconf 80' lang='lat' dir='ltr'><strong>apparet</strong></span> <span class='ocrx_word' id='word_1_57' title='bbox 914 1088 989 1139; x_wconf 85' lang='lat' dir='ltr'><strong>ente</strong></span> <span class='ocrx_word' id='word_1_58' title='bbox 1011 1098 1109 1160; x_wconf 88' lang='lat' dir='ltr'><strong>quam</strong></span> <span class='ocrx_word' id='word_1_59' title='bbox 1131 1101 1185 1168; x_wconf 81' lang='lat' dir='ltr'><strong>res</strong></span> 
     </span>
     <span class='ocr_line' id='line_1_9' title="bbox 97 1166 1186 1266; baseline 0.001 -23"><span class='ocrx_word' id='word_1_60' title='bbox 97 1166 150 1243; x_wconf 80' lang='lat' dir='ltr'><strong>¹in</strong></span> <span class='ocrx_word' id='word_1_61' title='bbox 170 1173 333 1266; x_wconf 85' lang='lat' dir='ltr'><strong>judicium</strong></span> <span class='ocrx_word' id='word_1_62' title='bbox 353 1176 588 1259; x_wconf 75' lang='lat' dir='ltr'><strong>adduceretur,</strong></span> <span class='ocrx_word' id='word_1_63' title='bbox 610 1196 729 1260; x_wconf 88' lang='lat' dir='ltr'><strong>quum,</strong></span> <span class='ocrx_word' id='word_1_64' title='bbox 751 1189 789 1241; x_wconf 90' lang='lat' dir='ltr'><strong>ut</strong></span> <span class='ocrx_word' id='word_1_65' title='bbox 808 1173 883 1241; x_wconf 85' lang='lat' dir='ltr'><strong>fieri</strong></span> <span class='ocrx_word' id='word_1_66' title='bbox 903 1176 1052 1258; x_wconf 78' lang='lat' dir='ltr'><strong>solebat,</strong></span> <span class='ocrx_word' id='word_1_67' title='bbox 1084 1177 1186 1245; x_wconf 86' lang='lat' dir='ltr'><strong>amici</strong></span> 
     </span>
     <span class='ocr_line' id='line_1_10' title="bbox 108 1275 1186 1367; baseline 0.001 -24"><span class='ocrx_word' id='word_1_68' title='bbox 108 1277 317 1365; x_wconf 77' lang='lat' dir='ltr'><strong>litigantium</strong></span> <span class='ocrx_word' id='word_1_69' title='bbox 336 1281 478 1367; x_wconf 77' lang='lat' dir='ltr'><strong>[operam</strong></span> <span class='ocrx_word' id='word_1_70' title='bbox 507 1300 601 1342; x_wconf 82' lang='lat' dir='ltr'><strong>suam</strong></span> <span class='ocrx_word' id='word_1_71' title='bbox 621 1275 890 1366; x_wconf 84' lang='lat' dir='ltr'><strong>interponerent,</strong></span> <span class='ocrx_word' id='word_1_72' title='bbox 917 1291 954 1342; x_wconf 92' lang='lat' dir='ltr'><strong>ut</strong></span> <span class='ocrx_word' id='word_1_73' title='bbox 974 1276 1131 1364; x_wconf 85' lang='lat' dir='ltr'><strong>privatim</strong></span> <span class='ocrx_word' id='word_1_74' title='bbox 1153 1293 1186 1344; x_wconf 90' lang='lat' dir='ltr'><strong>et</strong></span> 
     </span>
     <span class='ocr_line' id='line_1_11' title="bbox 108 1370 1184 1469; baseline 0.002 -24"><span class='ocrx_word' id='word_1_75' title='bbox 108 1377 199 1445; x_wconf 84' lang='lat' dir='ltr'><strong>iutra</strong></span> <span class='ocrx_word' id='word_1_76' title='bbox 210 1379 355 1469; x_wconf 83' lang='lat' dir='ltr'><strong>parietes</strong></span> <span class='ocrx_word' id='word_1_77' title='bbox 368 1377 593 1446; x_wconf 75' lang='lat' dir='ltr'><strong>controversia</strong></span> <span class='ocrx_word' id='word_1_78' title='bbox 607 1394 877 1467; x_wconf 81' lang='lat' dir='ltr'><strong>componeretur3</strong></span> <span class='ocrx_word' id='word_1_79' title='bbox 900 1401 946 1443; x_wconf 86' lang='lat' dir='ltr'><strong>ex</strong></span> <span class='ocrx_word' id='word_1_80' title='bbox 962 1377 1079 1465; x_wconf 82' lang='lat' dir='ltr'><strong>quibus</strong></span> <span class='ocrx_word' id='word_1_81' title='bbox 1096 1370 1184 1447; x_wconf 75' lang='lat' dir='ltr'><strong>unde</strong></span> 
     </span>
     <span class='ocr_line' id='line_1_12' title="bbox 111 1477 1184 1570; baseline 0.001 -23"><span class='ocrx_word' id='word_1_82' title='bbox 111 1477 340 1570; x_wconf 74' lang='lat' dir='ltr'><strong>Cephisander</strong></span> <span class='ocrx_word' id='word_1_83' title='bbox 360 1479 564 1548; x_wconf 80' lang='lat' dir='ltr'><strong>condicionis</strong></span> <span class='ocrx_word' id='word_1_84' title='bbox 584 1478 677 1546; x_wconf 82' lang='lat' dir='ltr'><strong>illius</strong></span> <span class='ocrx_word' id='word_1_85' title='bbox 705 1494 819 1547; x_wconf 88' lang='lat' dir='ltr'><strong>auctor</strong></span> <span class='ocrx_word' id='word_1_86' title='bbox 839 1478 1031 1545; x_wconf 86' lang='lat' dir='ltr'><strong>nominatur</strong></span> <span class='ocrx_word' id='word_1_87' title='bbox 1053 1478 1117 1567; x_wconf 55' lang='grc' dir='ltr'><strong>ᾗῇ.</strong></span> <span class='ocrx_word' id='word_1_88' title='bbox 1141 1483 1184 1548; x_wconf 83' lang='grc'><strong>16</strong></span> 
     </span>
     <span class='ocr_line' id='line_1_13' title="bbox 110 1580 1183 1668; baseline 0.003 -21"><span class='ocrx_word' id='word_1_89' title='bbox 110 1595 144 1647; x_wconf 89' lang='lat' dir='ltr'><strong>et</strong></span> <span class='ocrx_word' id='word_1_90' title='bbox 164 1583 227 1665; x_wconf 81' lang='lat'><strong>283</strong></span> <span class='ocrx_word' id='word_1_91' title='bbox 256 1583 321 1650; x_wconf 80' lang='lat' dir='ltr'><strong>uod</strong></span> <span class='ocrx_word' id='word_1_92' title='bbox 348 1605 394 1649; x_wconf 87' lang='lat' dir='ltr'><strong>ex</strong></span> <span class='ocrx_word' id='word_1_93' title='bbox 424 1580 625 1650; x_wconf 75' lang='lat' dir='ltr'><strong>adversariis</strong></span> <span class='ocrx_word' id='word_1_94' title='bbox 647 1605 776 1668; x_wconf 91' lang='lat' dir='ltr'><strong>quoque</strong></span> <span class='ocrx_word' id='word_1_95' title='bbox 797 1582 978 1648; x_wconf 79' lang='lat' dir='ltr'><strong>nonnullos</strong></span> <span class='ocrx_word' id='word_1_96' title='bbox 999 1597 1087 1648; x_wconf 88' lang='lat' dir='ltr'><strong>certe</strong></span> <span class='ocrx_word' id='word_1_97' title='bbox 1109 1607 1183 1651; x_wconf 87' lang='lat' dir='ltr'><strong>earu</strong></span> 
     </span>
     <span class='ocr_line' id='line_1_14' title="bbox 113 1683 1183 1772; baseline 0.002 -23"><span class='ocrx_word' id='word_1_98' title='bbox 113 1684 287 1772; x_wconf 85' lang='lat' dir='ltr'><strong>amplexos</strong></span> <span class='ocrx_word' id='word_1_99' title='bbox 309 1707 381 1751; x_wconf 76' lang='lat' dir='ltr'><strong>aare</strong></span> <span class='ocrx_word' id='word_1_100' title='bbox 401 1708 446 1751; x_wconf 87' lang='lat' dir='ltr'><strong>ex</strong></span> <span class='ocrx_word' id='word_1_101' title='bbox 466 1684 529 1768; x_wconf 86' lang='lat' dir='ltr'><strong>iia,</strong></span> <span class='ocrx_word' id='word_1_102' title='bbox 550 1706 633 1771; x_wconf 88' lang='lat' dir='ltr'><strong>quae</strong></span> <span class='ocrx_word' id='word_1_103' title='bbox 656 1683 758 1772; x_wconf 68' lang='lat'><strong>§.51</strong></span> <span class='ocrx_word' id='word_1_104' title='bbox 780 1684 947 1769; x_wconf 89' lang='lat' dir='ltr'><strong>leguntur,</strong></span> <span class='ocrx_word' id='word_1_105' title='bbox 969 1684 1183 1751; x_wconf 83' lang='lat' dir='ltr'><strong>manifestum</strong></span> 
     </span>
     <span class='ocr_line' id='line_1_15' title="bbox 111 1782 1183 1876; baseline 0.003 -27"><span class='ocrx_word' id='word_1_106' title='bbox 111 1798 172 1851; x_wconf 81' lang='lat' dir='ltr'><strong>eat.</strong></span> <span class='ocrx_word' id='word_1_107' title='bbox 215 1782 353 1853; x_wconf 79' lang='lat' dir='ltr'><strong>Scilicet</strong></span> <span class='ocrx_word' id='word_1_108' title='bbox 372 1786 474 1852; x_wconf 78' lang='lat' dir='ltr'><strong>tutius</strong></span> <span class='ocrx_word' id='word_1_109' title='bbox 487 1785 661 1854; x_wconf 87' lang='lat' dir='ltr'><strong>videbatur</strong></span> <span class='ocrx_word' id='word_1_110' title='bbox 680 1800 809 1876; x_wconf 89' lang='lat' dir='ltr'><strong>partem</strong></span> <span class='ocrx_word' id='word_1_111' title='bbox 829 1784 1000 1868; x_wconf 89' lang='lat' dir='ltr'><strong>amittere,</strong></span> <span class='ocrx_word' id='word_1_112' title='bbox 1024 1809 1088 1872; x_wconf 91' lang='lat' dir='ltr'><strong>quo</strong></span> <span class='ocrx_word' id='word_1_113' title='bbox 1110 1810 1183 1852; x_wconf 91' lang='lat' dir='ltr'><strong>cer·</strong></span> 
     </span>
     <span class='ocr_line' id='line_1_16' title="bbox 112 1885 1183 1977; baseline 0.003 -26"><span class='ocrx_word' id='word_1_114' title='bbox 112 1885 177 1952; x_wconf 86' lang='lat' dir='ltr'><strong>tius</strong></span> <span class='ocrx_word' id='word_1_115' title='bbox 197 1886 326 1973; x_wconf 89' lang='lat' dir='ltr'><strong>reliqua</strong></span> <span class='ocrx_word' id='word_1_116' title='bbox 346 1886 549 1971; x_wconf 80' lang='lat' dir='ltr'><strong>obtinerent,</strong></span> <span class='ocrx_word' id='word_1_117' title='bbox 572 1912 671 1975; x_wconf 88' lang='lat' dir='ltr'><strong>quam</strong></span> <span class='ocrx_word' id='word_1_118' title='bbox 691 1888 912 1977; x_wconf 83' lang='lat' dir='ltr'><strong>periculosam</strong></span> <span class='ocrx_word' id='word_1_119' title='bbox 934 1887 974 1952; x_wconf 90' lang='lat' dir='ltr'><strong>de</strong></span> <span class='ocrx_word' id='word_1_120' title='bbox 995 1902 1063 1952; x_wconf 89' lang='lat' dir='ltr'><strong>tota</strong></span> <span class='ocrx_word' id='word_1_121' title='bbox 1084 1889 1183 1954; x_wconf 87' lang='lat' dir='ltr'><strong>here-</strong></span> 
     </span>
     <span class='ocr_line' id='line_1_17' title="bbox 112 1986 1184 2076; baseline 0.005 -25"><span class='ocrx_word' id='word_1_122' title='bbox 112 1986 211 2053; x_wconf 88' lang='lat' dir='ltr'><strong>ditate</strong></span> <span class='ocrx_word' id='word_1_123' title='bbox 229 1987 475 2056; x_wconf 79' lang='lat' dir='ltr'><strong>dimicationem</strong></span> <span class='ocrx_word' id='word_1_124' title='bbox 490 1989 619 2075; x_wconf 82' lang='lat' dir='ltr'><strong>subire,</strong></span> <span class='ocrx_word' id='word_1_125' title='bbox 648 1989 687 2055; x_wconf 90' lang='lat' dir='ltr'><strong>in</strong></span> <span class='ocrx_word' id='word_1_126' title='bbox 708 2014 771 2076; x_wconf 85' lang='lat' dir='ltr'><strong>qua</strong></span> <span class='ocrx_word' id='word_1_127' title='bbox 785 1989 842 2074; x_wconf 90' lang='lat' dir='ltr'><strong>qui</strong></span> <span class='ocrx_word' id='word_1_128' title='bbox 862 1987 1074 2056; x_wconf 88' lang='lat' dir='ltr'><strong>vincerentur</strong></span> <span class='ocrx_word' id='word_1_129' title='bbox 1094 1990 1184 2056; x_wconf 90' lang='lat' dir='ltr'><strong>nihil</strong></span> 
     </span>
    </p>
   </div>
   <div class='ocr_carea' id='block_1_3' title="bbox 115 2074 1297 2179">
    <p class='ocr_par' dir='ltr' id='par_1_3' title="bbox 115 2074 1297 2179">
     <span class='ocr_line' id='line_1_18' title="bbox 115 2074 1297 2179; baseline 0.005 -27"><span class='ocrx_word' id='word_1_130' title='bbox 115 2089 275 2176; x_wconf 87' lang='lat' dir='ltr'><strong>accepturi</strong></span> <span class='ocrx_word' id='word_1_131' title='bbox 307 2105 425 2157; x_wconf 77' lang='lat' dir='ltr'><strong>essent.</strong></span> <span class='ocrx_word' id='word_1_132' title='bbox 488 2091 571 2159; x_wconf 79' lang='lat' dir='ltr'><strong>Erat</strong></span> <span class='ocrx_word' id='word_1_133' title='bbox 599 2106 708 2158; x_wconf 85' lang='lat' dir='ltr'><strong>eutem</strong></span> <span class='ocrx_word' id='word_1_134' title='bbox 745 2090 895 2158; x_wconf 90' lang='lat' dir='ltr'><strong>condicio</strong></span> <span class='ocrx_word' id='word_1_135' title='bbox 926 2090 1107 2179; x_wconf 84' lang='lat' dir='ltr'><strong>ejusmodi,</strong></span> <span class='ocrx_word' id='word_1_136' title='bbox 1143 2106 1192 2158; x_wconf 83' lang='lat' dir='ltr'><strong>ut·</strong></span> <span class='ocrx_word' id='word_1_137' title='bbox 1231 2074 1237 2093; x_wconf 78' lang='lat'><strong>.</strong></span> <span class='ocrx_word' id='word_1_138' title='bbox 1295 2139 1297 2143; x_wconf 91' lang='lat'>-</span> 
     </span>
    </p>
   </div>
   <div class='ocr_carea' id='block_1_4' title="bbox 67 2190 1240 4210">
    <p class='ocr_par' dir='ltr' id='par_1_4' title="bbox 67 2190 1240 4210">
     <span class='ocr_line' id='line_1_19' title="bbox 117 2190 1181 2282; baseline 0.006 -28"><span class='ocrx_word' id='word_1_139' title='bbox 117 2190 219 2257; x_wconf 82' lang='lat' dir='ltr'><strong>omnis</strong></span> <span class='ocrx_word' id='word_1_140' title='bbox 245 2192 411 2259; x_wconf 83' lang='lat' dir='ltr'><strong>hereditas</strong></span> <span class='ocrx_word' id='word_1_141' title='bbox 437 2192 474 2258; x_wconf 91' lang='lat' dir='ltr'><strong>in</strong></span> <span class='ocrx_word' id='word_1_142' title='bbox 504 2210 570 2260; x_wconf 78' lang='lat' dir='ltr'><strong>trec</strong></span> <span class='ocrx_word' id='word_1_143' title='bbox 596 2208 708 2282; x_wconf 74' lang='lat' dir='ltr'><strong>partes</strong></span> <span class='ocrx_word' id='word_1_144' title='bbox 735 2192 956 2277; x_wconf 85' lang='lat' dir='ltr'><strong>divideretur,</strong></span> <span class='ocrx_word' id='word_1_145' title='bbox 991 2218 1035 2259; x_wconf 86' lang='lat' dir='ltr'><strong>ex</strong></span> <span class='ocrx_word' id='word_1_146' title='bbox 1062 2195 1181 2280; x_wconf 83' lang='lat' dir='ltr'><strong>quibua</strong></span> 
     </span>
     <span class='ocr_line' id='line_1_20' title="bbox 95 2289 1181 2385; baseline 0.006 -30"><span class='ocrx_word' id='word_1_147' title='bbox 95 2309 212 2383; x_wconf 78' lang='lat' dir='ltr'><strong>¹tutetur</strong></span> <span class='ocrx_word' id='word_1_148' title='bbox 236 2289 413 2385; x_wconf 73' lang='lat' dir='ltr'><strong>Cleonymi</strong></span> <span class='ocrx_word' id='word_1_149' title='bbox 434 2310 588 2384; x_wconf 81' lang='lat' dir='ltr'><strong>nepotes,</strong></span> <span class='ocrx_word' id='word_1_150' title='bbox 617 2294 761 2380; x_wconf 81' lang='lat' dir='ltr'><strong>reliquas</strong></span> <span class='ocrx_word' id='word_1_151' title='bbox 783 2294 864 2362; x_wconf 76' lang='lat' dir='ltr'><strong>duaa</strong></span> <span class='ocrx_word' id='word_1_152' title='bbox 886 2295 1070 2362; x_wconf 82' lang='lat' dir='ltr'><strong>adversarii</strong></span> <span class='ocrx_word' id='word_1_153' title='bbox 1091 2295 1181 2362; x_wconf 87' lang='lat' dir='ltr'><strong>acci·</strong></span> 
     </span>
     <span class='ocr_line' id='line_1_21' title="bbox 120 2384 1181 2485; baseline 0.007 -28"><span class='ocrx_word' id='word_1_154' title='bbox 120 2408 244 2480; x_wconf 84' lang='lat' dir='ltr'><strong>percut,</strong></span> <span class='ocrx_word' id='word_1_155' title='bbox 266 2396 352 2482; x_wconf 88' lang='lat' dir='ltr'><strong>quod</strong></span> <span class='ocrx_word' id='word_1_156' title='bbox 375 2396 598 2485; x_wconf 79' lang='lat' dir='ltr'><strong>quum&#39;§§.2</strong></span> <span class='ocrx_word' id='word_1_157' title='bbox 618 2395 704 2463; x_wconf 82' lang='lat' dir='ltr'><strong>ct35</strong></span> <span class='ocrx_word' id='word_1_158' title='bbox 725 2395 854 2463; x_wconf 89' lang='lat' dir='ltr'><strong>dicatur</strong></span> <span class='ocrx_word' id='word_1_159' title='bbox 874 2384 1091 2482; x_wconf 75' lang='grc' dir='ltr'><strong><em>ἴσομοίρῆσαι,</em></strong></span> <span class='ocrx_word' id='word_1_160' title='bbox 1119 2422 1181 2464; x_wconf 89' lang='lat' dir='ltr'><strong>ne·</strong></span> 
     </span>
     <span class='ocr_line' id='line_1_22' title="bbox 122 2497 1180 2588; baseline 0.009 -31"><span class='ocrx_word' id='word_1_161' title='bbox 122 2514 200 2561; x_wconf 81' lang='lat' dir='ltr'><strong>cesae</strong></span> <span class='ocrx_word' id='word_1_162' title='bbox 221 2510 269 2563; x_wconf 84' lang='lat' dir='ltr'><strong>cat</strong></span> <span class='ocrx_word' id='word_1_163' title='bbox 290 2512 346 2563; x_wconf 88' lang='lat' dir='ltr'><strong>aut</strong></span> <span class='ocrx_word' id='word_1_164' title='bbox 361 2497 441 2564; x_wconf 85' lang='lat' dir='ltr'><strong>duas</strong></span> <span class='ocrx_word' id='word_1_165' title='bbox 462 2498 565 2564; x_wconf 82' lang='lat' dir='ltr'><strong>fuisse</strong></span> <span class='ocrx_word' id='word_1_166' title='bbox 581 2497 848 2565; x_wconf 81' lang='lat' dir='ltr'><strong>adversariorum</strong></span> <span class='ocrx_word' id='word_1_167' title='bbox 870 2498 1008 2588; x_wconf 81' lang='lat' dir='ltr'><strong>stirpes,</strong></span> <span class='ocrx_word' id='word_1_168' title='bbox 1039 2523 1180 2585; x_wconf 87' lang='lat' dir='ltr'><strong>quarum</strong></span> 
     </span>
     <span class='ocr_line' id='line_1_23' title="bbox 122 2599 1180 2688; baseline 0.009 -29"><span class='ocrx_word' id='word_1_169' title='bbox 122 2606 248 2684; x_wconf 85' lang='lat' dir='ltr'><strong>utraqne</strong></span> <span class='ocrx_word' id='word_1_170' title='bbox 269 2622 407 2686; x_wconf 88' lang='lat' dir='ltr'><strong>aequam</strong></span> <span class='ocrx_word' id='word_1_171' title='bbox 425 2599 610 2688; x_wconf 91' lang='lat' dir='ltr'><strong>portionem</strong></span> <span class='ocrx_word' id='word_1_172' title='bbox 628 2599 775 2688; x_wconf 88' lang='lat' dir='ltr'><strong>accipere</strong></span> <span class='ocrx_word' id='word_1_173' title='bbox 788 2600 942 2684; x_wconf 90' lang='lat' dir='ltr'><strong>deberet,</strong></span> <span class='ocrx_word' id='word_1_174' title='bbox 964 2614 1038 2683; x_wconf 70' lang='lat' dir='ltr'><strong>aut,</strong></span> <span class='ocrx_word' id='word_1_175' title='bbox 1060 2600 1090 2666; x_wconf 87' lang='lat' dir='ltr'><strong>ai</strong></span> <span class='ocrx_word' id='word_1_176' title='bbox 1111 2626 1180 2668; x_wconf 91' lang='lat' dir='ltr'><strong>non</strong></span> 
     </span>
     <span class='ocr_line' id='line_1_24' title="bbox 123 2690 1180 2790; baseline 0.006 -27"><span class='ocrx_word' id='word_1_177' title='bbox 123 2690 157 2758; x_wconf 81' lang='lat' dir='ltr'><strong>iu</strong></span> <span class='ocrx_word' id='word_1_178' title='bbox 172 2701 285 2790; x_wconf 71' lang='lat' dir='ltr'><strong>stirpes</strong></span> <span class='ocrx_word' id='word_1_179' title='bbox 306 2701 362 2767; x_wconf 85' lang='lat' dir='ltr'><strong>aed</strong></span> <span class='ocrx_word' id='word_1_180' title='bbox 384 2701 420 2767; x_wconf 90' lang='lat' dir='ltr'><strong>in</strong></span> <span class='ocrx_word' id='word_1_181' title='bbox 442 2701 548 2789; x_wconf 85' lang='lat' dir='ltr'><strong>capita</strong></span> <span class='ocrx_word' id='word_1_182' title='bbox 569 2701 786 2767; x_wconf 82' lang='lat' dir='ltr'><strong>hereditatem</strong></span> <span class='ocrx_word' id='word_1_183' title='bbox 809 2701 915 2768; x_wconf 87' lang='lat' dir='ltr'><strong>dividi</strong></span> <span class='ocrx_word' id='word_1_184' title='bbox 936 2702 1084 2788; x_wconf 85' lang='lat' dir='ltr'><strong>vellent,</strong></span> <span class='ocrx_word' id='word_1_185' title='bbox 1117 2704 1180 2769; x_wconf 89' lang='lat' dir='ltr'><strong>du-</strong></span> 
     </span>
     <span class='ocr_line' id='line_1_25' title="bbox 123 2794 1178 2892; baseline 0.006 -25"><span class='ocrx_word' id='word_1_186' title='bbox 123 2794 229 2881; x_wconf 70' lang='lat' dir='ltr'><strong>plicem</strong></span> <span class='ocrx_word' id='word_1_187' title='bbox 256 2801 360 2868; x_wconf 81' lang='lat' dir='ltr'><strong>fuisse</strong></span> <span class='ocrx_word' id='word_1_188' title='bbox 387 2802 654 2869; x_wconf 85' lang='lat' dir='ltr'><strong>adversariorum</strong></span> <span class='ocrx_word' id='word_1_189' title='bbox 682 2827 782 2890; x_wconf 87' lang='lat' dir='ltr'><strong>quam</strong></span> <span class='ocrx_word' id='word_1_190' title='bbox 803 2817 958 2892; x_wconf 91' lang='lat' dir='ltr'><strong>nepotum</strong></span> <span class='ocrx_word' id='word_1_191' title='bbox 989 2828 1178 2891; x_wconf 86' lang='lat' dir='ltr'><strong>numerum.</strong></span> 
     </span>
     <span class='ocr_line' id='line_1_26' title="bbox 153 2892 1179 2997; baseline 0.004 -27"><span class='ocrx_word' id='word_1_192' title='bbox 153 2936 157 2945; x_wconf 91' lang='lat'>·</span> <span class='ocrx_word' id='word_1_193' title='bbox 193 2900 335 2993; x_wconf 82' lang='lat' dir='ltr'><strong>Nepotes</strong></span> <span class='ocrx_word' id='word_1_194' title='bbox 366 2919 475 2971; x_wconf 85' lang='lat' dir='ltr'><strong>autem</strong></span> <span class='ocrx_word' id='word_1_195' title='bbox 505 2907 541 2971; x_wconf 92' lang='lat' dir='ltr'><strong>h.</strong></span> <span class='ocrx_word' id='word_1_196' title='bbox 573 2928 602 2971; x_wconf 91' lang='lat' dir='ltr'><strong>e.</strong></span> <span class='ocrx_word' id='word_1_197' title='bbox 638 2892 822 2990; x_wconf 69' lang='grc' dir='ltr'><strong>ἆὸελφιδοῦξ</strong></span> <span class='ocrx_word' id='word_1_198' title='bbox 850 2902 1029 2997; x_wconf 77' lang='lat' dir='ltr'><strong>Cleonymi</strong></span> <span class='ocrx_word' id='word_1_199' title='bbox 1062 2907 1179 2992; x_wconf 83' lang='lat' dir='ltr'><strong>luisse,</strong></span> 
     </span>
     <span class='ocr_line' id='line_1_27' title="bbox 126 2998 1177 3093; baseline 0.004 -23"><span class='ocrx_word' id='word_1_200' title='bbox 126 2998 172 3081; x_wconf 72' lang='lat' dir='ltr'><strong>qui</strong></span> <span class='ocrx_word' id='word_1_201' title='bbox 196 3018 426 3079; x_wconf 80' lang='lat' dir='ltr'><strong>testamentum</strong></span> <span class='ocrx_word' id='word_1_202' title='bbox 453 3007 518 3071; x_wconf 79' lang='lat' dir='ltr'><strong>hac</strong></span> <span class='ocrx_word' id='word_1_203' title='bbox 547 3005 718 3088; x_wconf 84' lang='lat' dir='ltr'><strong>oratioue,</strong></span> <span class='ocrx_word' id='word_1_204' title='bbox 750 3007 791 3072; x_wconf 85' lang='lat' dir='ltr'><strong>ab</strong></span> <span class='ocrx_word' id='word_1_205' title='bbox 818 3029 886 3073; x_wconf 91' lang='lat' dir='ltr'><strong>uno</strong></span> <span class='ocrx_word' id='word_1_206' title='bbox 914 3030 1029 3074; x_wconf 89' lang='lat' dir='ltr'><strong>eorum</strong></span> <span class='ocrx_word' id='word_1_207' title='bbox 1051 3008 1177 3093; x_wconf 85' lang='lat' dir='ltr'><strong>habita,</strong></span> 
     </span>
     <span class='ocr_line' id='line_1_28' title="bbox 112 3092 1178 3200; baseline 0.004 -29"><span class='ocrx_word' id='word_1_208' title='bbox 112 3092 324 3193; x_wconf 68' lang='lat' dir='ltr'><strong>impugnent,</strong></span> <span class='ocrx_word' id='word_1_209' title='bbox 346 3108 559 3191; x_wconf 79' lang='lat' dir='ltr'><strong>manifestum</strong></span> <span class='ocrx_word' id='word_1_210' title='bbox 578 3122 627 3174; x_wconf 85' lang='lat' dir='ltr'><strong>eat</strong></span> <span class='ocrx_word' id='word_1_211' title='bbox 648 3132 666 3173; x_wconf 93' lang='lat' dir='ltr'><strong>e</strong></span> <span class='ocrx_word' id='word_1_212' title='bbox 688 3107 751 3199; x_wconf 57' lang='grc' dir='ltr'><strong>ξς.</strong></span> <span class='ocrx_word' id='word_1_213' title='bbox 773 3106 797 3174; x_wconf 76' lang='grc'><strong>4</strong></span> <span class='ocrx_word' id='word_1_214' title='bbox 818 3122 850 3173; x_wconf 90' lang='lat' dir='ltr'><strong>et</strong></span> <span class='ocrx_word' id='word_1_215' title='bbox 870 3108 930 3192; x_wconf 88' lang='grc'><strong>39,</strong></span> <span class='ocrx_word' id='word_1_216' title='bbox 953 3108 1012 3173; x_wconf 89' lang='lat' dir='ltr'><strong>ubi</strong></span> <span class='ocrx_word' id='word_1_217' title='bbox 1033 3108 1178 3200; x_wconf 87' lang='lat' dir='ltr'><strong>Polyar-</strong></span> 
     </span>
     <span class='ocr_line' id='line_1_29' title="bbox 125 3196 1180 3299; baseline 0.002 -25"><span class='ocrx_word' id='word_1_218' title='bbox 125 3196 207 3290; x_wconf 75' lang='lat' dir='ltr'><strong>cluto,</strong></span> <span class='ocrx_word' id='word_1_219' title='bbox 242 3206 422 3299; x_wconf 76' lang='lat' dir='ltr'><strong>Cleonymi</strong></span> <span class='ocrx_word' id='word_1_220' title='bbox 449 3225 560 3298; x_wconf 88' lang='lat' dir='ltr'><strong>peter,</strong></span> <span class='ocrx_word' id='word_1_221' title='bbox 597 3224 746 3285; x_wconf 87' lang='lat' dir='ltr'><strong>actorum</strong></span> <span class='ocrx_word' id='word_1_222' title='bbox 775 3234 856 3279; x_wconf 80' lang='lat' dir='ltr'><strong>avus</strong></span> <span class='ocrx_word' id='word_1_223' title='bbox 885 3209 1016 3277; x_wconf 90' lang='lat' dir='ltr'><strong>dicitur.</strong></span> <span class='ocrx_word' id='word_1_224' title='bbox 1069 3209 1180 3296; x_wconf 85' lang='lat' dir='ltr'><strong>Igitur</strong></span> 
     </span>
     <span class='ocr_line' id='line_1_30' title="bbox 67 3298 1179 3403; baseline 0.005 -31"><span class='ocrx_word' id='word_1_225' title='bbox 67 3352 70 3359; x_wconf 87' lang='lat'>-</span> <span class='ocrx_word' id='word_1_226' title='bbox 125 3318 210 3384; x_wconf 77' lang='lat' dir='ltr'><strong>quum</strong></span> <span class='ocrx_word' id='word_1_227' title='bbox 236 3324 295 3377; x_wconf 88' lang='lat' dir='ltr'><strong>aut</strong></span> <span class='ocrx_word' id='word_1_228' title='bbox 322 3324 476 3399; x_wconf 88' lang='lat' dir='ltr'><strong>patruum</strong></span> <span class='ocrx_word' id='word_1_229' title='bbox 506 3298 631 3379; x_wconf 85' lang='lat' dir='ltr'><strong>corum¹</strong></span> <span class='ocrx_word' id='word_1_230' title='bbox 648 3326 704 3377; x_wconf 89' lang='lat' dir='ltr'><strong>aut</strong></span> <span class='ocrx_word' id='word_1_231' title='bbox 731 3313 933 3379; x_wconf 88' lang='lat' dir='ltr'><strong>avunculum</strong></span> <span class='ocrx_word' id='word_1_232' title='bbox 954 3311 1179 3403; x_wconf 76' lang='lat' dir='ltr'><strong>Cleonymum</strong></span> 
     </span>
     <span class='ocr_line' id='line_1_31' title="bbox 123 3397 1178 3502; baseline 0.005 -25"><span class='ocrx_word' id='word_1_233' title='bbox 123 3397 210 3477; x_wconf 67' lang='lat' dir='ltr'><strong>fuisse</strong></span> <span class='ocrx_word' id='word_1_234' title='bbox 242 3427 416 3501; x_wconf 86' lang='lat' dir='ltr'><strong>appareat,</strong></span> <span class='ocrx_word' id='word_1_235' title='bbox 450 3428 603 3502; x_wconf 90' lang='lat' dir='ltr'><strong>patruum</strong></span> <span class='ocrx_word' id='word_1_236' title='bbox 640 3414 743 3481; x_wconf 75' lang='lat' dir='ltr'><strong>fuisse</strong></span> <span class='ocrx_word' id='word_1_237' title='bbox 769 3412 919 3481; x_wconf 83' lang='lat' dir='ltr'><strong>lonesius</strong></span> <span class='ocrx_word' id='word_1_238' title='bbox 950 3414 1081 3497; x_wconf 87' lang='lat' dir='ltr'><strong>statuit,</strong></span> <span class='ocrx_word' id='word_1_239' title='bbox 1116 3436 1178 3482; x_wconf 85' lang='lat' dir='ltr'><strong>noa</strong></span> 
     </span>
     <span class='ocr_line' id='line_1_32' title="bbox 122 3515 1177 3602; baseline 0.001 -23"><span class='ocrx_word' id='word_1_240' title='bbox 122 3515 332 3595; x_wconf 65' lang='lat' dir='ltr'><strong>auriculum,</strong></span> <span class='ocrx_word' id='word_1_241' title='bbox 363 3515 621 3602; x_wconf 75' lang='lat' dir='ltr'><strong>maentieturque</strong></span> <span class='ocrx_word' id='word_1_242' title='bbox 642 3515 738 3582; x_wconf 85' lang='lat' dir='ltr'><strong>nobis</strong></span> <span class='ocrx_word' id='word_1_243' title='bbox 765 3517 854 3587; x_wconf 88' lang='lat' dir='ltr'><strong>haud</strong></span> <span class='ocrx_word' id='word_1_244' title='bbox 878 3515 993 3599; x_wconf 87' lang='lat' dir='ltr'><strong>dubie,</strong></span> <span class='ocrx_word' id='word_1_245' title='bbox 1026 3515 1083 3602; x_wconf 88' lang='lat' dir='ltr'><strong>qui</strong></span> <span class='ocrx_word' id='word_1_246' title='bbox 1104 3537 1177 3581; x_wconf 89' lang='lat' dir='ltr'><strong>eam</strong></span> 
     </span>
     <span class='ocr_line' id='line_1_33' title="bbox 121 3614 1180 3708; baseline 0.003 -28"><span class='ocrx_word' id='word_1_247' title='bbox 121 3614 267 3683; x_wconf 71' lang='lat' dir='ltr'><strong>trationis</strong></span> <span class='ocrx_word' id='word_1_248' title='bbox 287 3631 432 3705; x_wconf 81' lang='lat' dir='ltr'><strong>panem,</strong></span> <span class='ocrx_word' id='word_1_249' title='bbox 461 3617 520 3683; x_wconf 91' lang='lat' dir='ltr'><strong>ubi</strong></span> <span class='ocrx_word' id='word_1_250' title='bbox 541 3617 581 3683; x_wconf 90' lang='lat' dir='ltr'><strong>de</strong></span> <span class='ocrx_word' id='word_1_251' title='bbox 603 3616 726 3684; x_wconf 87' lang='lat' dir='ltr'><strong>Diniae</strong></span> <span class='ocrx_word' id='word_1_252' title='bbox 748 3631 781 3684; x_wconf 93' lang='lat' dir='ltr'><strong>et</strong></span> <span class='ocrx_word' id='word_1_253' title='bbox 803 3616 980 3708; x_wconf 81' lang='lat' dir='ltr'><strong>Cleonymi</strong></span> <span class='ocrx_word' id='word_1_254' title='bbox 1001 3615 1180 3683; x_wconf 86' lang='lat' dir='ltr'><strong>inimicitia</strong></span> 
     </span>
     <span class='ocr_line' id='line_1_34' title="bbox 119 3716 1224 3807; baseline 0.002 -24"><span class='ocrx_word' id='word_1_255' title='bbox 119 3716 306 3805; x_wconf 72' lang='lat' dir='ltr'><strong>exponitur,</strong></span> <span class='ocrx_word' id='word_1_256' title='bbox 329 3717 366 3806; x_wconf 81' lang='lat'><strong>§.</strong></span> <span class='ocrx_word' id='word_1_257' title='bbox 383 3720 508 3805; x_wconf 84' lang='lat' dir='ltr'><strong>9sqq.,</strong></span> <span class='ocrx_word' id='word_1_258' title='bbox 528 3720 641 3807; x_wconf 88' lang='lat' dir='ltr'><strong>paullo</strong></span> <span class='ocrx_word' id='word_1_259' title='bbox 654 3719 837 3786; x_wconf 83' lang='lat' dir='ltr'><strong>accuratius</strong></span> <span class='ocrx_word' id='word_1_260' title='bbox 858 3717 1047 3807; x_wconf 86' lang='lat' dir='ltr'><strong>perlegerit.</strong></span> <span class='ocrx_word' id='word_1_261' title='bbox 1091 3717 1179 3785; x_wconf 90' lang='lat' dir='ltr'><strong>Nam</strong></span> <span class='ocrx_word' id='word_1_262' title='bbox 1217 3730 1224 3743; x_wconf 55' lang='lat'><strong>⁸</strong></span> 
     </span>
     <span class='ocr_line' id='line_1_35' title="bbox 118 3811 1177 3910; baseline 0 -25"><span class='ocrx_word' id='word_1_263' title='bbox 118 3811 361 3909; x_wconf 75' lang='lat' dir='ltr'><strong>iclconymus</strong></span> <span class='ocrx_word' id='word_1_264' title='bbox 383 3844 511 3907; x_wconf 88' lang='lat' dir='ltr'><strong>quoque</strong></span> <span class='ocrx_word' id='word_1_265' title='bbox 530 3834 666 3910; x_wconf 83' lang='lat' dir='ltr'><strong>patruus</strong></span> <span class='ocrx_word' id='word_1_266' title='bbox 688 3837 837 3887; x_wconf 89' lang='lat' dir='ltr'><strong>actorum</strong></span> <span class='ocrx_word' id='word_1_267' title='bbox 855 3820 939 3902; x_wconf 83' lang='lat' dir='ltr'><strong>fuit,</strong></span> <span class='ocrx_word' id='word_1_268' title='bbox 960 3818 1085 3884; x_wconf 88' lang='lat' dir='ltr'><strong>Diniae</strong></span> <span class='ocrx_word' id='word_1_269' title='bbox 1106 3820 1177 3885; x_wconf 83' lang='lat' dir='ltr'><strong>fra·</strong></span> 
     </span>
     <span class='ocr_line' id='line_1_36' title="bbox 97 3912 1176 4010; baseline 0.006 -29"><span class='ocrx_word' id='word_1_270' title='bbox 97 3925 192 3987; x_wconf 86' lang='lat' dir='ltr'><strong>·trem</strong></span> <span class='ocrx_word' id='word_1_271' title='bbox 212 3912 317 3987; x_wconf 76' lang='lat' dir='ltr'><strong>luisse</strong></span> <span class='ocrx_word' id='word_1_272' title='bbox 339 3939 465 4010; x_wconf 90' lang='lat' dir='ltr'><strong>oportet</strong></span> <span class='ocrx_word' id='word_1_273' title='bbox 472 3948 483 4004; x_wconf 82' lang='lat'><em>3</em></span> <span class='ocrx_word' id='word_1_274' title='bbox 514 3946 585 3993; x_wconf 84' lang='lat' dir='ltr'><strong>nou</strong></span> <span class='ocrx_word' id='word_1_275' title='bbox 605 3940 715 3989; x_wconf 87' lang='lat' dir='ltr'><strong>autem</strong></span> <span class='ocrx_word' id='word_1_276' title='bbox 736 3924 878 3988; x_wconf 83' lang='lat' dir='ltr'><strong>fratrum</strong></span> <span class='ocrx_word' id='word_1_277' title='bbox 898 3919 1092 3986; x_wconf 82' lang='lat' dir='ltr'><strong>inimicitiae</strong></span> <span class='ocrx_word' id='word_1_278' title='bbox 1114 3922 1176 3988; x_wconf 90' lang='lat' dir='ltr'><strong>illo</strong></span> 
     </span>
     <span class='ocr_line' id='line_1_37' title="bbox 106 4014 1240 4109; baseline 0.005 -26"><span class='ocrx_word' id='word_1_279' title='bbox 106 4014 179 4089; x_wconf 84' lang='lat' dir='ltr'><strong>loco</strong></span> <span class='ocrx_word' id='word_1_280' title='bbox 201 4021 300 4088; x_wconf 84' lang='lat' dir='ltr'><strong>uobis</strong></span> <span class='ocrx_word' id='word_1_281' title='bbox 324 4023 457 4090; x_wconf 84' lang='lat' dir='ltr'><strong>narrari</strong></span> <span class='ocrx_word' id='word_1_282' title='bbox 475 4023 585 4109; x_wconf 88' lang='lat' dir='ltr'><strong>quivis</strong></span> <span class='ocrx_word' id='word_1_283' title='bbox 607 4024 773 4109; x_wconf 82' lang='lat' dir='ltr'><strong>intelliget</strong></span> <span class='ocrx_word' id='word_1_284' title='bbox 790 4024 847 4089; x_wconf 87' lang='lat' dir='ltr'><strong>vel</strong></span> <span class='ocrx_word' id='word_1_285' title='bbox 864 4046 908 4087; x_wconf 86' lang='lat' dir='ltr'><strong>ex</strong></span> <span class='ocrx_word' id='word_1_286' title='bbox 933 4021 1024 4088; x_wconf 88' lang='lat' dir='ltr'><strong>hisce</strong></span> <span class='ocrx_word' id='word_1_287' title='bbox 1045 4022 1176 4090; x_wconf 68' lang='lat' dir='ltr'><strong>verbine</strong></span> <span class='ocrx_word' id='word_1_288' title='bbox 1237 4038 1240 4044; x_wconf 83' lang='grc'><strong>’</strong></span> 
     </span>
     <span class='ocr_line' id='line_1_38' title="bbox 108 4106 1177 4210; baseline 0.004 -25"><span class='ocrx_word' id='word_1_289' title='bbox 108 4121 185 4206; x_wconf 72' lang='grc' dir='ltr'><strong>πλὴν</strong></span> <span class='ocrx_word' id='word_1_290' title='bbox 195 4160 240 4175; x_wconf 92' lang='lat'><strong>·-—</strong></span> <span class='ocrx_word' id='word_1_291' title='bbox 252 4121 292 4187; x_wconf 72' lang='lat' dir='ltr'><strong>dv</strong></span> <span class='ocrx_word' id='word_1_292' title='bbox 304 4125 429 4199; x_wconf 77' lang='grc' dir='ltr'><strong><em>δικαίως</em></strong></span> <span class='ocrx_word' id='word_1_293' title='bbox 445 4106 633 4210; x_wconf 67' lang='grc' dir='ltr'><strong><em>ἀμφοτέροῖς</em></strong></span> <span class='ocrx_word' id='word_1_294' title='bbox 648 4124 846 4209; x_wconf 74' lang='grc' dir='ltr'><strong><em>μεμψαίμην,</em></strong></span> <span class='ocrx_word' id='word_1_295' title='bbox 878 4121 925 4188; x_wconf 81' lang='grc' dir='ltr'><strong>ὅτι</strong></span> <span class='ocrx_word' id='word_1_296' title='bbox 941 4125 993 4187; x_wconf 74' lang='grc' dir='ltr'><strong>καὶ</strong></span> <span class='ocrx_word' id='word_1_297' title='bbox 1006 4125 1089 4209; x_wconf 75' lang='lat' dir='ltr'><strong>pilot</strong></span> <span class='ocrx_word' id='word_1_298' title='bbox 1101 4125 1177 4199; x_wconf 76' lang='grc' dir='ltr'><em>τέως</em></span> 
     </span>
    </p>
   </div>
   <div class='ocr_carea' id='block_1_5' title="bbox 106 4218 1177 4313">
    <p class='ocr_par' dir='ltr' id='par_1_5' title="bbox 106 4218 1177 4313">
     <span class='ocr_line' id='line_1_39' title="bbox 106 4218 1177 4313; baseline -0.007 -20"><span class='ocrx_word' id='word_1_299' title='bbox 106 4218 190 4303; x_wconf 74' lang='grc' dir='ltr'><em>ὄντες</em></span> <span class='ocrx_word' id='word_1_300' title='bbox 200 4226 254 4290; x_wconf 77' lang='grc' dir='ltr'><strong>καὶ</strong></span> <span class='ocrx_word' id='word_1_301' title='bbox 269 4224 455 4313; x_wconf 78' lang='grc' dir='ltr'><strong><em>προφάσεως</em></strong></span> <span class='ocrx_word' id='word_1_302' title='bbox 466 4225 611 4312; x_wconf 61' lang='lat' dir='ltr'><strong>tecente</strong></span> <span class='ocrx_word' id='word_1_303' title='bbox 624 4224 941 4311; x_wconf 64' lang='grc' dir='ltr'><strong><em>γενομένης-οὕτως</em></strong></span> <span class='ocrx_word' id='word_1_304' title='bbox 953 4226 1017 4312; x_wconf 73' lang='grc' dir='ltr'><strong>εῖκῇ</strong></span> <span class='ocrx_word' id='word_1_305' title='bbox 1029 4225 1108 4311; x_wconf 79' lang='grc' dir='ltr'><em>πρὸς</em></span> <span class='ocrx_word' id='word_1_306' title='bbox 1120 4222 1177 4288; x_wconf 79' lang='grc' dir='ltr'><strong>ἆλ-</strong></span> 
     </span>
    </p>
   </div>
   <div class='ocr_carea' id='block_1_6' title="bbox 0 0 1320 4800">
    <p class='ocr_par' dir='ltr' id='par_1_6' title="bbox 0 0 1320 4800">
     <span class='ocr_line' id='line_1_40' title="bbox 0 0 1320 4800; baseline 0 2"><span class='ocrx_word' id='word_1_307' title='bbox 0 0 1320 4800; x_wconf 95' lang='lat' dir='ltr'><strong> </strong></span> 
     </span>
    </p>
   </div>
  </div>
 </body>
</html>
