2632 4800
171 286 237 352 319
530 280 580 349 ΙΝ
598 274 882 349 ΟΒΔΤΙΟΝΕΜ

170 455 263 538 legen
294 451 381 537 apud
410 474 464 516 eae
491 450 699 537 promulgari
726 420 840 517 solitae
860 469 931 514 esea
950 444 1108 515 novimqe
1128 468 1148 513 ο
1169 444 1245 515 De·

169 554 293 620 masth.
323 574 373 617 or.
400 550 436 616 iu
463 550 648 617 Timocrat.
679 574 714 637 p.
736 550 813 617 708.
864 544 919 615 Of.
947 545 1059 617 Wolf.
1086 548 1244 639 prolegg.

63 692 67 703 ,
172 654 213 722 ad
234 652 411 719 Demosth.
433 651 528 738 Lept.
549 675 584 739 p.
608 648 807 720 CXXXIII.

256 754 293 842 ᾗ.
313 755 368 819 39.
390 756 432 829 εἰς
451 754 507 834 μὲν
528 753 584 838 τὴν
604 749 693 818 πόλιν
713 789 767 817 -.
789 740 856 819 Ηίο
875 774 1003 838 quoque
1023 749 1165 819 Reiekio
1185 750 1248 834 μέν
1287 758 1290 763 ’

171 881 241 923 uou
271 856 420 921 sufficere
445 854 556 921 visum
584 853 775 921 transitioui
801 852 1020 945 iudicandae,
1051 852 1117 919 uici
1136 853 1248 925 τοίνυν

171 958 358 1024 adderetur.
403 952 456 1021 cf.
479 956 520 1021 ad
544 958 594 1024 or.
617 957 657 1022 dc
678 956 805 1046 Pyrrh.
827 957 900 1021 her.
923 954 961 1043 ᾖ.
985 954 1038 1023 13.
1080 954 1130 1021 Ita
1151 954 1248 1023 intra
1287 960 1291 966 ’

172 1065 206 1139 ἦ.
228 1057 272 1125 43
292 1080 354 1146 pro
375 1054 430 1121 τὸν
450 1056 507 1138 μὲν
532 1056 645 1124 τούτου
676 1054 761 1123 οἷκον
782 1057 912 1124 mavult
930 1053 985 1120 τδν
1003 1054 1108 1139 μέντοι
1128 1054 1248 1123 τούτου

154 1156 273 1246 ὀικον,
301 1174 333 1225 et
360 1158 400 1224 de
421 1157 565 1227 Philoct.
594 1161 666 1227 her.
695 1158 733 1246 ᾗ.
756 1160 878 1245 8pro.
915 1154 959 1233 ὥς
978 1156 1034 1239 μὲν
1056 1143 1249 1224 διέθετο-ψ

136 1250 139 1255 ’
170 1260 213 1337 ὡς
231 1262 289 1344 μὲν
320 1251 443 1338 οονδ,
470 1260 551 1326 item
574 1262 613 1327 de
634 1262 781 1352 Aatyph.
804 1262 878 1326 her.
906 1260 945 1346 ᾗ.
966 1259 1008 1327 5·
1039 1257 1088 1325 du
1107 1258 1226 1343 μέν’
1187 1284 1249 1327 ουκ

169 1362 275 1441 ἔθαψε
303 1400 346 1412 -
375 1361 453 1429 addi
480 1362 572 1451 jubet
602 1388 672 1442 οον,
707 1378 740 1428 et
770 1362 857 1448 apud
883 1360 1024 1452 Lysiam
1049 1384 1180 1449 quoque
1205 1361 1254 1429 iu·

170 1464 283 1531 Alcib.
307 1486 341 1549 p.
363 1464 445 1530 519.
474 1464 542 1548 περὶ
561 1464 618 1547 μὲν
638 1468 708 1529 τῶν
729 1462 890 1528 ἄλλων-
910 1453 967 1528 ode
987 1462 1099 1529 dcccco
1119 1477 1248 1549 cannot,

171 1565 257 1651 qnod
290 1563 439 1629 additum
469 1589 559 1631 nunc
587 1590 630 1632 ex
659 1589 728 1632 uno
754 1565 867 1633 codice
896 1578 947 1632 eet
972 1588 994 1631 a
1018 1562 1181 1633 Bekkero
1213 1578 1249 1631 et

169 1665 374 1733 Foertschio.
710 1678 714 1687 '

256 1766 304 1832 ὅτι
323 1791 372 1848 μοι
391 1791 425 1830 ον
447 1764 596 1850 ἐδυνήθη.
640 1765 798 1835 Tolerari
813 1790 892 1834 senc
907 1764 955 1832 οτι
975 1780 1098 1855 potostg
1125 1765 1248 1835 malim

172 1886 282 1935 tamen
304 1867 354 1933 ὅτε
376 1892 500 1952 -quo
522 1882 677 1955 tempore,
707 1869 781 1937 acii.
803 1868 841 1934 in
861 1869 922 1935 itta
943 1866 1168 1957 reipublicae
1188 1890 1249 1935 ca·

171 1970 338 2049 lamitate,
372 1994 473 2053 quum
505 1970 577 2058 ipse
605 1987 638 2037 et
664 1971 790 2037 amicus
818 1969 889 2060 ejus
910 1969 1014 2036 Melas
1036 1966 1089 2033 ded
1108 1967 1169 2047 τοὶς
1188 1975 1250 2055 τῆς

171 2178 309 2256 κτῇσθαι
329 2170 510 2257 cumaeae,
533 2189 570 2239 ut
592 2175 697 2263 ait§.
721 2177 870 2242 8.·

257 2277 299 2348 εἰς
325 2275 400 2349 τούς
425 2275 608 2358 μισθωτοὺς
630 2274 744 2351 ἰόντας.
787 2272 986 2350 Μισθωτοῦς
1005 2272 1166 2341 Reiakiue
1187 2296 1247 2345 eoa

172 2401 244 2443 ease
264 2377 386 2460 credit,
409 2377 467 2463 qui
487 2378 573 2463 apud
589 2392 718 2444 exterae
737 2378 886 2445 civitates
904 2376 1069 2464 stipendia
1084 2392 1248 2462 mereant,

172 2479 285 2565 quales
314 2479 412 2544 multi
440 2480 527 2564 apud
557 2479 699 2545 comicos
729 2477 898 2545 Romanos
926 2479 1148 2563 inducuntur,
1188 2478 1248 2567 qui

172 2606 189 2644 e
217 2581 327 2662 otmunt
347 2604 392 2644 uc
417 2580 516 2663 urbe,
550 2595 691 2666 egestate
718 2597 775 2646 aut
796 2580 924 2647 delictis
945 2580 1072 2666 coacti,
1105 2582 1252 2648 abeunt-⁸

173 2707 235 2768 que
256 2684 476 2747 latrocinalem
505 2696 560 2746 unt
586 2684 622 2748 ire
642 2681 756 2747 Acium
784 2695 842 2747 aut
868 2683 903 2747 iu
933 2683 1093 2768 Cilicr'om,
1127 2697 1165 2748 trt
1198 2697 1248 2751 eat

173 2783 259 2870 apud
280 2784 436 2849 Plautum
459 2783 652 2851 Trinumm.
675 2783 721 2868 tl,
743 2782 777 2868 4,
808 2785 884 2869 199,
911 2785 1122 2871 queriturque
1142 2784 1249 2852 etiam

170 2884 332 2952 Isocrates
346 2884 514 2976 Panegyr.
539 2910 568 2951 c.
591 2884 635 2951 44
654 2910 688 2973 p.
713 2887 776 2952 128
797 2883 871 2974 Spu
900 2884 1033 2960 πολλοὺς
1055 2883 1099 2949 δι’
1122 2884 1244 2951 ἔνδειαν

58 3078 64 3087 ¹
171 2993 235 3052 τῶν
256 2985 339 3050 καθ’
363 2984 482 3070 ἡμέραν
504 2987 671 3069 ἐπικουρεῖν
692 2985 966 3072 ἀναγκαζομένους.
1008 2987 1113 3054 Plura
1130 2987 1172 3052 do
1194 2986 1248 3055 Ilio

171 3088 319 3157 militum
336 3089 619 3154 mercenariorum
636 3090 814 3176 gregibus,
837 3090 956 3176 quibus
966 3090 1064 3176 plenu
1079 3089 1139 3155 illo
1160 3092 1249 3155 tem·

172 3213 253 3278 pore
271 3189 409 3255 Graecia
431 3206 518 3273 erat,
539 3191 609 3257 vid.
633 3214 685 3277 ap.
703 3191 940 3258 Wachsmuth.
957 3190 1138 3277 Antiquitt.
1150 3189 1248 3263 Hell-

31 3280 41 3360 ’,
126 3306 130 3313 ’
172 3290 247 3375 Ι,2
275 3314 309 3377 p.
333 3293 408 3368 313.
459 3292 547 3358 Mihi
578 3308 688 3359 tamen
718 3294 828 3380 potius
851 3295 890 3359 de
911 3292 1072 3380 operariis
1094 3291 1250 3376 cogitan-

25 3416 33 3426 ·
175 3394 254 3459 dum
274 3392 419 3476 videtur,
451 3394 507 3478 qui
529 3411 638 3460 manu
652 3412 825 3482 quaestum
846 3396 971 3460 faciunt
991 3392 1142 3459 mercede
1166 3416 1250 3461 con·

51 3530 54 3535 ·
175 3494 276 3561 ducti.
300 3494 368 3561 'Hi
397 3494 486 3560 enim
508 3496 643 3583 proprie
663 3498 819 3579 μισθωτοὶ
841 3496 956 3563 vocari
976 3497 1102 3577 uolent,
1130 3509 1170 3560 ut
1192 3518 1249 3582 ap.

176 3596 400 3684 Theophrast.
431 3596 584 3677 Charact.
614 3623 655 3689 ο.ι
672 3598 705 3664 4.
735 3599 909 3664 Demosth.
942 3608 1003 3664 ctr.
1026 3595 1181 3662 Timoth.
1212 3620 1251 3684 p.

176 3697 273 3781 1199,
300 3702 355 3765 21.
387 3698 586 3787 Harpocrat.
614 3724 648 3767 v.
678 3701 876 3778 Κολωνίτας,
907 3701 1119 3783 colebantque
1146 3696 1252 3767 certis

175 3801 268 3866 urbis
287 3801 370 3866 locis
392 3801 588 3888 ¹congregari
610 3802 841 3868 conductorem
869 3815 1097 3888 expectantes,
1124 3797 1254 3886 impri-

74 3948 77 3953 -
177 3900 241 3965 mis
268 3901 305 3966 in
333 3901 461 3969 colono
485 3903 553 3989 (Os.
584 3903 780 3990 Harpocrat.
813 3905 838 3969 l.
868 3904 894 3968 l.
923 3902 1036 3988 ibique
1063 3900 1253 3988 interpp),

177 4004 392 4087 quamobrem
424 4005 481 4091 qui
509 4007 563 4072 hie
594 4030 629 4072 se
658 4019 817 4093 aggregat
846 4018 933 4072 recte
955 4003 1083 4069 dicetur
1109 4002 1154 4077 εἰς
1175 4001 1255 4080 τοὺς

176 4103 357 4184 μισθωτοὺς
377 4102 465 4171 dicut.

260 4206 292 4270 ἐν
312 4212 358 4293 τῷ
378 4211 434 4288 τῆς
450 4209 624 4290 Εἰληθυίας
636 4207 771 4296 ἱερῷ-
772 4206 921 4275 .Hauc
939 4204 1084 4273 nominis
1102 4164 1254 4274 sormam
