2632 4800
176 176 257 269 'sss
374 184 378 193 '
532 193 582 269 ns
601 152 898 269 omnious!

275 361 343 436 Sed
374 364 415 434 de
440 365 502 435 ilis
521 365 783 458 praescriptione
808 365 964 455 pluribus
983 366 1072 437 mihi
1091 366 1271 462 disputen-

189 470 271 539 dnm
300 464 433 537 videtne·
461 482 576 537 contra
605 467 777 551 Platneri,
808 467 877 537 viri
903 467 1104 556 doctissimi,
1133 472 1271 562 opinio·

189 595 268 640 nem
288 570 329 636 de
357 568 412 638 lit.
441 584 474 636 at
501 584 564 637 act.
585 564 624 636 ΙΙ
650 591 684 656 p.
705 570 782 637 327.
825 568 912 637 Nam
933 594 1035 658 quum
1055 571 1093 638 in
1113 571 1207 641 libro
1230 574 1272 643 de

134 670 141 675 ’
174 674 266 747 ¹ord.
288 670 358 760 jud.
381 671 405 736 l.
427 671 453 738 i.
475 671 562 737 hanc
583 693 645 759 ego
667 669 866 738 sententiam
885 673 1061 762 amplexus
1084 697 1208 759 essem,
1234 688 1272 742 ut

190 774 233 841 de
259 770 442 840 hereditate
471 784 586 837 contra
619 768 730 861 ipsum
757 770 891 859 quidem
916 772 1064 863 primum
1093 775 1271 863 heredem,

191 874 351 964 quamdiu
370 872 516 955 viveret,
545 872 807 940 controversiam
826 873 957 942 moveri
976 874 1123 963 potuisse
1143 891 1286 969 statue-⁸

190 1002 286 1061 rem,
315 988 429 1042 contra
452 972 482 1039 si
503 972 603 1063 hujus
624 989 734 1040 morte
756 975 799 1041 sd
820 975 943 1060 ulium,
969 976 1074 1067 ipsius
1096 977 1271 1064 heredem,

191 1079 281 1147 bons
300 1074 551 1166 pervenissent,
582 1073 877 1164 praescriptionem
897 1070 1000 1145 fuisse
1022 1077 1270 1168 quinquenniis

162 1248 166 1255 ,
191 1179 273 1259 huic
302 1175 482 1271 sententiae
507 1176 705 1263 obloqnutus
726 1176 901 1245 Platnerus
923 1178 1144 1267 quinquennii
1170 1204 1272 1270 prae·

191 1279 407 1369 scriptionem
428 1277 528 1343 etiam
554 1276 714 1368 inprimi
734 1278 867 1346 heredis
889 1280 1033 1366 gratiam
1053 1281 1272 1351 constitutam

191 1381 296 1451 fnisse
317 1381 354 1446 h.
377 1402 407 1446 e.
435 1378 535 1445 etiam
562 1394 677 1446 contra
698 1380 788 1447 hunc
809 1382 849 1449 de
870 1381 1052 1449 hereditate
1073 1398 1271 1453 controver-

193 1485 279 1552 siam
306 1505 375 1557 nou
403 1479 471 1546 nisi
498 1481 588 1547 intra
607 1480 871 1570 quinquennium
900 1484 941 1551 ah
963 1483 1033 1577 ejus
1052 1500 1183 1572 morta,
1215 1483 1270 1573 qni

192 1587 291 1655 illam
318 1581 524 1670 reliquisset,
553 1583 683 1649 moveri
708 1582 853 1672 potuisse
874 1584 1051 1652 contendit.
1094 1586 1270 1655 Adversa·

186 1678 250 1755 'tur
275 1698 386 1752 sutem
406 1682 558 1752 Pletneri
585 1683 736 1770 opinioni
763 1684 911 1775 primum
936 1685 1035 1777 hujus
1045 1686 1166 1774 ‘ipsius
1187 1687 1267 1755 Att-

195 1789 366 1875 starchese
381 1781 497 1853 ca'usae
514 1788 720 1872 exemplum.
741 1786 828 1853 Nam
835 1787 1071 1855 Aristarchum
1090 1789 1265 1874 minorem,

195 1890 254 1978 qui
274 1889 404 1978 primus
426 1887 635 1974 cognominis
652 1887 724 1972 sui,
752 1887 808 1956 avi
823 1889 973 1979 paterni,
1001 1904 1160 1978 tanquam
1181 1890 1264 1957 filins

195 1991 370 2080 adoptivus
399 1988 617 2057 hereditatem
645 1989 732 2079 cepit
763 1989 816 2077 (ᾧ.
836 1991 860 2058 8
880 1991 990 2080 sqq),
1029 1991 1156 2080 viginti
1184 2005 1264 2063 certe

174 2116 302 2175 nannos
323 2106 440 2158 natum
459 2092 561 2157 fuisse
581 2105 735 2180 apparet,
766 2116 868 2179 quum
883 2093 1036 2160 militans
1057 2092 1186 2162 obiret:
1206 2093 1263 2160 its·

197 2220 260 2283 que
281 2193 311 2261 si
331 2192 419 2259 intre
435 2192 697 2281 quinquennium
716 2207 792 2283 post
811 2192 948 2284 majoris
964 2193 1159 2262 Aristarchi
1179 2217 1263 2262 mor·

197 2310 263 2363 tem
292 2294 508 2362 hereditatem
530 2296 570 2361 ab
596 2294 658 2380 iis,
689 2295 746 2383 qui
774 2319 872 2363 sunm
891 2295 944 2384 jus
965 2295 1074 2387 potius
1096 2320 1170 2365 csse
1191 2320 1262 2370 oon·
1296 2308 1306 2381 ᾖ

196 2399 384 2481 tenderent,
411 2398 479 2487 peti
490 2397 654 2484 oportuit,
683 2411 819 2487 apparet
835 2422 909 2466 eam
926 2423 1015 2465 nunc
1026 2398 1181 2486 quidem,
1202 2413 1259 2464 tant

196 2500 311 2570 multis
331 2515 407 2587 post
427 2499 542 2579 annis,
571 2501 664 2566 nullo
678 2498 859 2587 modopeti
879 2500 1045 2587 potuisse,
1072 2514 1105 2566 ct
1117 2500 1258 2568 debuisse
1297 2416 1306 2577 i

195 2602 476 2689 utiqu'ductorem
496 2618 648 2668 nostrum
670 2601 817 2669 excludi.
866 2600 941 2693 lpse
962 2619 1073 2669 autem
1092 2601 1142 2669 ita
1163 2597 1259 2688 loqui·

196 2720 252 2771 tur
273 2704 311 2791 ᾗ.
324 2703 385 2802 18,
398 2718 436 2769 ut
457 2702 580 2769 mirum
592 2703 727 2790 quidem
747 2702 855 2772 videri
876 2729 971 2794 posse
990 2718 1022 2770 et
1042 2703 1258 2770 excusandum
1302 2716 1305 2831 ρ

197 2830 269 2873 esse
289 2806 499 2895 profiteatur,
532 2807 619 2893 quod
642 2820 710 2871 tam
731 2829 807 2873 sero
829 2821 934 2895 petat:
964 2806 1017 2895 jus
1038 2821 1151 2872 autem
1173 2823 1258 2873 snum

196 2922 370 2998 propterea
397 2906 542 2973 deterius
568 2908 692 2973 sactum
719 2923 752 2974 ot
779 2908 988 2975 adversarios
1016 2907 1080 2974 ista
1108 2902 1259 2995 praescri·

196 3009 309 3098 ptione
337 3006 389 3073 uti
419 3031 514 3097 posse
542 3008 583 3074 ad
612 3032 647 3075 se
675 3008 920 3076 excludendum
948 3032 991 3076 ne
1011 3010 1116 3079 verbo
1139 3008 1260 3095 quidem

197 3109 374 3198 significat.
418 3105 584 3176 Similiter
603 3109 847 3178 Demosthenes
873 3109 1023 3198 loquitur
1042 3123 1107 3177 ctr.
1131 3110 1259 3176 Macart.

115 3236 121 3257 ⁴
197 3211 415 3299 p.1073,5.·
450 3207 570 3277 τούτων
597 3211 686 3277 οὐδὲν
713 3212 799 3296 ἔμελε
823 3211 1001 3299 Θεοπόμπῳ
1030 3211 1103 3278 οὐδὲ
1131 3211 1260 3294 Μακαρ·
1290 3244 1305 3289 Ιι

197 3309 283 3399 πάτῳ
303 3306 423 3399 τούτῳ,
457 3310 537 3376 ἀλλὰ
558 3319 651 3380 τοῦτο
672 3312 825 3397 μόνοντὰ
848 3312 887 3379 τὰ
909 3312 954 3398 μὴ
976 3309 1175 3398 προσήκοντα
1196 3306 1284 3375 iau.

111 3484 119 3505 ἱ
198 3422 264 3489 τοῖς
283 3411 360 3495 ἔχειν
380 3413 432 3477 καὶ
453 3412 589 3497 ἐγκαλεῖν
611 3414 658 3481 ὅτι
670 3415 767 3482 πολὺν
783 3412 898 3506 χρόνον
920 3411 1052 3501 ἐχόντων
1074 3409 1195 3480 ἑαυτῶν
1212 3407 1259 3476 tds
1298 3406 1303 3415 ’

198 3520 311 3599 κλῆρον
332 3514 400 3580 νυνὶ
420 3513 628 3599 ιῖγωνίζονται.
663 3516 721 3602 ἐγώ
743 3516 777 3583 δ’
800 3517 909 3606 ᾤμην,
936 3509 1096 3602 ὦᾶνδρες
1117 3511 1261 3591 δικασταὶ,
1294 3604 1297 3611 Ι

198 3612 363 3701 προσήκειν
398 3613 454 3681 τὸν
483 3615 650 3703 τάλλότρια
681 3618 795 3696 ἀδίκως
823 3618 933 3702 ἔχοντα
964 3617 1021 3684 οὐκ
1051 3616 1209 3702 ἐγκαλεῖν,
1242 3613 1263 3679 d
1302 3640 1304 3657 ¹

197 3718 291 3782 πλείω
308 3713 422 3801 χρόνον
443 3713 535 3800 εἶχεν,
563 3717 642 3783 ἀλλὰ
660 3717 754 3807 χάριν
776 3721 906 3805 ελδέναι,
944 3718 989 3804 μὴ
1010 3716 1106 3804 ἡμῖν,
1134 3719 1213 3786 ἀλλὰ
1231 3719 1263 3803 τῇ

198 3814 296 3904 τύχῃ,
337 3816 385 3884 ὅτι
415 3821 527 3885 πολλαὶ
555 3821 607 3885 καὶ
635 3820 800 3907 ἀναγκαῖαι
825 3823 985 3909 διατριβαὶ
1014 3820 1154 3906 ἐγίνοντο
1176 3822 1209 3889 ἓν
1227 3821 1264 3907 τῷ

197 3918 313 4001 μεταξὺ
342 3917 464 4008 χρόνῳ,
499 3919 579 3997 ὥστε
605 3925 672 3989 vovi
700 3926 768 4010 περὶ
797 3920 917 3991 τούτων
950 3918 1025 4008 ἡμῖν
1058 3922 1264 4009 ἀγωνίζεσθαι.

198 4019 242 4084 Et
266 4020 480 4087 manifestum
502 4046 546 4090 ex
571 4023 625 4090 his
652 4025 734 4115 ipsis
755 4025 868 4093 verbis
897 4048 969 4095 esse
990 4025 1161 4113 arbitror,
1190 4028 1265 4094 hant

199 4143 328 4207 quoque
341 4121 391 4197 ¹de
404 4121 559 4213 Hagniae
574 4126 757 4196 hereditate
769 4151 902 4198 censam
923 4127 1069 4220 emplius
1090 4129 1265 4218 quinquen·
