2632 4800
220 316 285 388 DE
305 316 616 389 APOLLODORI
637 257 964 430 HEREDITAbE.
993 361 997 367 -
1070 323 1135 391 369

55 486 208 577 loquitur
238 487 450 575 ἀρχαιρεσίαι,
485 502 666 555 conventus
696 493 759 553 τῶν
788 490 934 572 δημοτῶν
962 490 1004 558 66
1025 493 1134 578 magi-

56 606 181 658 atratus
202 614 298 675 suos,
328 591 522 655 demarchos
550 605 582 654 et
610 605 818 675 quaestores,
847 592 1025 673 creandos,
1054 618 1134 680 qua-

57 809 123 861 ctr.
153 793 318 859 Leochar.
350 819 384 882 p.
410 794 506 877 1661,
535 793 588 858 16.
636 791 761 876 Ἀγοραὶ
783 793 873 858 enim
894 794 977 860 baec
1003 796 1136 863 minora
1249 806 1258 819 “

42 894 209 983 6ιί66666
232 918 270 960 66
291 916 452 984 pagorum
473 894 614 959 concilia
633 893 766 982 proprie
787 910 965 980 vocantur,
995 922 1063 964 non
1085 899 1134 963 bc—
1181 918 1187 931 ’

55 996 203 1079 nauatae,
238 1020 321 1082 quae
342 1010 419 1061 sunt
440 984 555 1084 po‘puli
575 995 735 1061 universi.
781 993 879 1062 Gonf.
904 995 944 1062 de
964 998 1076 1064 comit.
1098 1026 1132 1089 p.
1172 1034 1176 1038 ·

54 1100 114 1164 27.
137 1096 288 1163 Boeckh.
312 1095 549 1186 Corp-dnser.
578 1121 616 1184 p.
635 1096 707 1163 165.
728 1096 815 1163 Lex.
839 1094 978 1184 Seguer.
1001 1125 1042 1189 p..
1056 1103 1132 1166 327.

56 1196 130 1274 Sed
150 1199 189 1264 in
209 1197 280 1265 illis
297 1199 548 1286 magistratuum
571 1198 788 1263 creandorum
810 1201 1026 1285 conventibus
1048 1202 1135 1266 sole·

55 1303 142 1381 bant
171 1301 368 1390 plerumque
397 1300 497 1364 etiam
533 1322 698 1365 novorum
716 1287 931 1366 demoratum
961 1301 1133 1388 (δημοτῶν)
1160 1368 1162 1372 ,

55 1401 198 1471 nomina
224 1401 438 1468 lexiarchicis
470 1401 591 1465 tabulis
621 1400 758 1465 inscribi
765 1447 776 1484 ,
816 1401 850 1466 id
883 1404 970 1488 quod
1008 1418 1041 1470 et
1074 1404 1134 1469 ille

56 1504 298 1574 Demosthenis
329 1504 421 1568 locus
444 1503 537 1568 docet
565 1515 598 1567 et
624 1502 709 1567 alter
735 1501 884 1593 ejusdem
911 1504 1070 1573 orationis
1097 1530 1132 1596 p.

59 1606 162 1690 1692,
188 1608 242 1689 12,
271 1606 331 1671 ubi
360 1607 423 1670 hoe
450 1605 559 1692 ipsum
588 1617 679 1668 extat
706 1601 908 1689 ἀρχαιρεσιῶν
935 1629 1068 1673 nomen.
1091 1642 1135 1665 -.-

58 1706 148 1775 Mox
176 1703 314 1791 τοσαύτη
340 1702 520 1792 περιφάνεια
547 1709 603 1789 τῆς
632 1700 781 1787 ποιήσεως
813 1707 999 1795 comparari
1028 1723 1135 1796 potest
1254 1772 1263 1791 ,

59 1833 139 1876 cum
160 1807 336 1876 Demostb.
356 1809 395 1873 in
417 1805 577 1896 Stephan.
599 1804 635 1872 ll
655 1831 689 1894 p.
712 1805 808 1886 1162,
830 1808 872 1874 2:
892 1804 1030 1893 τοσαύτη
1051 1832 1134 1896 περι·

34 1918 45 1983 ’,
61 1906 175 1999 φάνεια
195 1916 252 1977 τοῦ
273 1906 455 1996 πράγματός
476 1909 568 1975 ἔστιν.
1148 1979 1155 1997 ⁸

150 2011 188 2100 6.
209 2013 263 2078 26.
297 2013 465 2098 φιλίας-
485 2013 536 2076 καί
564 2012 737 2096 συγγενείας
763 2011 799 2079 oti
820 2016 952 2098 μικρᾶς.»
984 2010 1060 2080 Non
1079 2037 1134 2081 re·

60 2114 234 2205 prehendo
250 2114 427 2180 Reiskium
450 2115 536 2202 quod
558 2115 659 2181 malle
680 2138 715 2181 se
730 2114 809 2180 dicit
830 2112 999 2199 ovyye'ves'ag
1019 2154 1063 2166 -
1082 2119 1136 2180 καὶ
1205 2162 1218 2185 ,-
1261 2137 1271 2157 ‘
1304 2122 1307 2131 '

27 2236 40 2265 ν
62 2217 170 2305 φιλίας
190 2215 226 2281 οὐ
249 2221 378 2302 μικρᾶς,
400 2217 455 2283 sed
478 2216 614 2283 tolerari
635 2231 745 2282 tamen
765 2219 938 2302 vulgatam
958 2217 1135 2284 lectionem

61 2341 159 2409 posse
173 2319 328 2387 arbitror.
373 2322 502 2404 Μικρᾶς
515 2342 575 2407 pro
597 2323 729 2403 σμικρᾶς
750 2343 850 2404 quum
866 2319 1017 2407 optimus·
1030 2321 1136 2386 codex

62 2421 184 2489 offerat
209 2412 438 2486 et‘Bekkerus
470 2419 649 2507 receperit,
677 2420 772 2484 nolui
795 2420 947 2504 equidem
967 2442 1133 2508 spernere,
1171 2445 1176 2458 ·

62 2522 144 2589 licet
173 2521 257 2588 iltud
290 2524 432 2587 alterum
461 2545 589 2606 quoque
619 2521 661 2585 ab
682 2519 872 2585 Atticorum
900 2521 1135 2586 consuetudine
1247 2578 1249 2583 .

62 2646 135 2690 non
163 2623 310 2689 alienum
340 2646 411 2688 esse
437 2620 593 2712 judicem.
637 2617 691 2685 cf.
722 2619 897 2687 Sebaeser.
921 2621 962 2685 ad
992 2621 1133 2707 Gregor.

61 2751 98 2817 p.
121 2724 197 2791 566.
226 2762 269 2776 --
294 2725 378 2791 Mox
410 2739 518 2790 autem
550 2721 718 2805 μηδέτερον
747 2745 807 2810 pro
839 2721 1014 2807 μηθὲτεφον
1035 2723 1152 2789 etiam-

10 2850 12 2859 '
62 2826 184 2895 invitis
206 2825 372 2892 codicibus
384 2873 395 2910 ,
435 2848 575 2911 quorum
604 2823 640 2887 in
660 2824 722 2887 hac
744 2822 877 2908 quidem
896 2844 934 2888 re
953 2823 1136 2912 perexigua
1222 2872 1224 2877 ,

63 2942 116 2996 est
138 2928 326 3006 auctoritas,
352 2927 578 3015 reponendum
600 2947 671 2989 esse
692 2923 818 3011 putavi.
862 2924 930 2990 Nec
950 2941 1062 2992 movet
1081 2949 1136 2992 me

62 3029 154 3119 quod
176 3030 213 3094 in
233 3028 428 3116 fragmentis
451 3051 469 3093 6
491 3024 657 3116 Dionysio
679 3024 818 3091 servatis
839 3024 1011 3111 aliquoties
1032 3025 1137 3103 οὐθείς

62 3146 100 3199 et
119 3132 234 3214 μηθείς
253 3130 377 3216 legitur
395 3128 655 3201 sinevarietate.
700 3125 831 3216 Quippe
851 3126 1012 3220 Dionysii
1032 3144 1168 3197 aetate·
1242 3216 1247 3223 ι

62 3234 133 3300 hee
168 3233 295 3297 formae
328 3231 467 3297 usitatae
502 3243 614 3311 erant3
657 3241 826 3294 oratorum
862 3243 968 3295 aetate
1000 3230 1136 3296 usitatas

62 3332 186 3401 fnisse
198 3332 408 3419 grammatici
434 3355 595 3398 consensu
624 3345 757 3419 negant.
807 3328 887 3396 Vid.
915 3329 1064 3465 Lobeek.
1094 3331 1135 3397 ad

63 3434 255 3526 Phrynicb.
276 3461 309 3525 p.
334 3434 408 3501 181.

154 3536 192 3623 6.
207 3533 299 3603 30st
285 3563 301 3601 o
317 3536 444 3620 ἔιαγιῶι
461 3572 517 3604 -—.
540 3531 594 3602 cf.
612 3534 716 3600 ador.
731 3532 926 3601 deMebecl.
942 3535 1014 3601 her.
1031 3531 1067 3620 6.
1082 3531 1137 3618 16,

63 3635 129 3703 ubi
155 3660 238 3724 quae
269 3636 355 3702 dicta
392 3651 486 3721 sunt,
526 3635 738 3728 conjunctum
767 3635 1007 3721 quodammodo
1037 3634 1138 3701 fuisse

63 3738 221 3807 manium
233 3750 281 3805 et
309 3741 447 3823 deorum
473 3737 628 3825 πατρῴων
654 3739 780 3803 cultum
801 3734 991 3818 ostendunt3
1024 3760 1139 3823 qnam-

67 3840 205 3923 obrem‚
234 3838 292 3926 qui
305 3837 390 3925 σῖκαν
409 3865 506 3907 suum
519 3839 657 3906 interire
677 3839 811 3920 nolunt,
843 3859 913 3902 non
933 3838 1140 3911 suaerolum

66 3939 158 4028 apud
183 3955 331 4028 posteros
352 3942 554 4026 memoriae,
592 3941 649 4008 sed
676 3937 852 4004 numinum
873 3940 1141 4025 qnoque=tutela-

68 4040 162 4107 rium
191 4043 374 4110 honoribus
411 4046 582 4111 consulere
613 4039 751 4130 putandi
778 4053 866 4105 sunt.
928 4038 1004 4127 Quo
1033 4039 1141 4125 magis

68 4140 171 4208 etiarn
181 4142 392 4235 *reipublicae
407 4145 564 4211 interesse
580 4143 735 4225 debebat,
756 4165 798 4206 ne
814 4138 900 4206 illud
915 4141 1029 4223 fieret,
1052 4163 1144 4206 eam·

68 4266 135 4331 que
156 4242 200 4311 ob
220 4267 353 4315 causam
384 4245 536 4315 archonti
557 4246 621 4314 hoc
642 4243 876 4311 demandatum
896 4255 968 4310 erat
987 4240 1142 4325 officium,
1266 4276 1269 4281 .

901 4350 944 4412 21
