2632 4800
1 241 3 252 v
107 206 228 299 &aas
435 232 438 237 ·
521 220 572 307 m
592 174 877 290 ommonem

145 391 421 561 ¹apsylhrmosth.
450 396 512 460 etr.
534 390 673 459 Macert.
700 414 778 479 pag.
809 391 905 461 1667.
936 390 1026 459 Add.
1055 391 1139 462 ibid.
1161 416 1257 483 pag.

162 498 182 561 1
248 540 259 562 ‚
536 528 540 541 .

520 608 568 678 ln
596 610 877 703 Hypothesin.

245 762 344 830 Vere.
368 766 400 830 1.
444 761 770 849 ἀδελφιδοῦς-κατὰ
792 763 912 850 πατέρα
930 805 982 830 -.
1012 762 1066 831 Ex
1086 781 1230 833 veterum

160 865 350 932 Atticorum
369 892 433 935 usu
458 864 536 952 πρὸς
561 862 681 951 πατρός
700 864 809 955 pptius
832 865 1007 943 dicendum
1029 884 1119 953 erat,
1155 867 1231 934 sieut

158 990 241 1033 mox
262 964 539 1052 ἀντιπαιησάμινας
554 990 615 1059 pro
633 965 854 1051 ἀντιπαιηθείς.
896 965 986 1034 Dein
1001 969 1160 1055 παρέλαβε
1179 967 1230 1053 τὴν

159 1066 269 1147 οὐσίαν
298 1092 369 1135 non
390 1085 477 1136 recte
500 1069 625 1136 dictum
646 1092 717 1136 esse
739 1068 941 1137 demonstrat
963 1084 1083 1137 orator.
1104 1070 1177 1161 ipse
1197 1076 1231 1151 6.

159 1170 214 1251 37.
237 1170 281 1237 of.
298 1160 370 1239 not.
403 1171 445 1237 ad
476 1169 514 1258 ᾖ.
536 1170 591 1237 43.
634 1168 742 1239 Porro
768 1167 921 1257 γράφεται
942 1170 983 1237 de
1013 1170 1145 1238 actione
1164 1168 1234 1262 pri·

76 1358 78 1363 ,
157 1285 258 1355 rata,
285 1271 365 1338 licet
386 1273 515 1357 rarius,
551 1296 790 1361 nonnunquam
812 1288 923 1338 tamen
945 1272 1045 1340 etiam
1067 1273 1153 1363 apud
1175 1299 1234 1341 ve·

156 1387 243 1439 teres
272 1375 458 1463 reperitur,
492 1375 586 1441 velut
615 1398 668 1463 ap.
698 1372 916 1465 Aristophan.
944 1374 1054 1441 Nubb.
1088 1399 1125 1442 v.
1155 1374 1231 1442 761).

156 1472 294 1543 lsoorat.
312 1490 373 1543 etr.
384 1473 583 1565 Callimach.
600 1501 629 1542 e.
647 1478 681 1560 5,
703 1490 736 1542 et
747 1475 851 1562 γραφὴ
868 1476 909 1542 de
923 1476 1041 1542 libello
1053 1474 1090 1542 in
1104 1476 1233 1567 actipne

156 1578 279 1642 tutelae
306 1601 359 1665 ap.
390 1574 563 1644 Demosth.
592 1592 655 1645 etr.
685 1575 822 1668 Aphob.
852 1603 888 1667 p.
909 1578 986 1662 817,
1017 1579 1069 1644 12.
1132 1576 1230 1645 Gonf.

157 1678 198 1757 de
220 1679 292 1746 ord.
314 1678 386 1772 jud.
408 1706 442 1769 p.
466 1679 541 1746 198.
591 1678 732 1769 Proprie
753 1694 863 1745 eutem
885 1677 1078 1765 ἀμφισβητεῖ
1083 1729 1094 1759 ,
1125 1695 1184 1746 aut
1204 1680 1269 1751 sk

156 1780 343 1847 accuratius
365 1781 465 1846 etiam
487 1805 558 1846 rem
579 1781 754 1869 designare
775 1780 955 1859 voluisset,
982 1778 1269 1865 παρακαταβάλ-

155 1886 200 1967 λμ
229 1881 307 1966 πρὸς
340 1880 395 1947 τὸν
427 1880 613 1966 ἀδελφιδοῖν
643 1880 820 1948 dicendum
848 1880 976 1950 fuisset.
1019 1882 1106 1949 Nam
1129 1908 1257 1970 quum

156 1983 366 2049 adversarius
387 1984 473 2071 apud
491 1985 684 2050 archontem
705 1982 898 2049 ἐπιδικασίαν
918 1988 975 2048 τοῦ
995 1981 1111 2069 κλῆρον
1133 1984 1246 2052 insti-

155 2083 271 2151 ruisset
299 2099 331 2151 et
358 2088 444 2167 λῆξιν
474 2109 567 2151 suam
598 2084 787 2169 detulisset,
819 2085 900 2151 huic
920 2109 1014 2151 snam
1035 2087 1232 2175 petitionem

154 2202 267 2251 noster
288 2187 441 2276 opponit,
474 2204 611 2273 eamque
633 2185 813 2276 ejusmodi,
844 2211 907 2274 qua
929 2186 1028 2254 illum
1047 2190 1149 2278 plane
1170 2212 1226 2254 ex·

154 2288 319 2370 cluderet3
353 2287 389 2353 in
411 2287 501 2374 quali
522 2287 681 2377 petitione
713 2286 979 2374 παρακαταβολὴν
1001 2289 1221 2379 deponendam

152 2389 258 2457 fuisse
287 2387 459 2456 docuimus
488 2390 528 2457 de
558 2391 630 2458 ord.
661 2389 732 2479 jud.
760 2416 793 2479 p.
815 2391 891 2459 619.
934 2390 1089 2458 Priorem
1117 2407 1221 2457 autem

151 2492 309 2583 petivisse
332 2492 560 2559 adversarium
581 2494 637 2559 vel
658 2517 702 2558 ex
723 2517 762 2558 eo
784 2507 937 2582 apparet,
968 2493 1055 2580 quod
1076 2494 1172 2584 prior
1190 2492 1220 2558 in

147 2592 276 2686 judicio
297 2596 401 2661 verba
420 2594 510 2660 fecit.
555 2592 635 2660 Vid.
659 2593 696 2682 ᾖ.
720 2596 753 2661 6.
776 2594 866 2661 Add.
889 2609 960 2662 not.
983 2595 1023 2660 ad
1046 2595 1083 2681 ᾧ.
1106 2593 1163 2663 34.

236 2720 324 2764 vers.
348 2698 381 2763 9.
432 2695 620 2760 intumuerat
648 2696 681 2760 d'
712 2695 796 2783 αὐτῷ
826 2698 879 2760 καὶ
911 2693 931 2780 ἦ
962 2695 1041 2761 κατὰ
1074 2692 1221 2781 ποιότητα

53 2816 56 2825 “
152 2795 285 2882 ζήτησις.
335 2797 382 2864 Η.
413 2822 442 2864 e.
471 2798 673 2884 Adjunge‘tur
699 2812 803 2863 autern
831 2804 1042 2882 σταχασμῷ
1069 2825 1094 2863 s.
1119 2800 1223 2885 conje-

150 2901 269 2965 cturali
286 2901 461 2985 quaestioni
475 2902 569 2964 etiam
586 2901 725 2986 quaestio
745 2901 916 2986 qualitatis.
960 2902 1085 2990 Nempe
1098 2900 1223 2968 intelli·

150 3002 260 3089 genda
282 3017 330 3067 est
358 3003 495 3086 qualitas
522 3002 650 3087 legalis,
681 2998 808 3085 ποιότης
834 2998 964 3085 νομική,
995 3003 1035 3067 de
1066 3027 1133 3088 qua
1154 3004 1223 3071 vid.

149 3101 379 3189 Hermogenes
408 3104 535 3194 partitt.
569 3105 655 3171 rhet.
683 3130 716 3193 p.
739 3107 783 3169 20
804 3105 854 3170 ed.
878 3104 1005 3171 Sturm.
1051 3104 1225 3189 Quaeren-

149 3204 229 3287 dum
260 3220 308 3271 est
336 3204 426 3272 enim
447 3221 560 3273 utrum
580 3206 624 3273 sit
652 3205 784 3294 legibus
806 3208 1078 3290 consentaneam,
1111 3209 1239 3275 fratris·

149 3329 193 3372 an
219 3307 310 3373 filiae
336 3308 443 3374 fllium
464 3309 681 3375 hereditatem
713 3333 840 3398 capere.
863 3347 906 3360 -
936 3308 990 3373 De
1011 3307 1143 3399 ἐργασία
1163 3315 1224 3375 τῶν

148 3410 348 3496 κεφαλαίων,
385 3435 483 3496 quam
504 3410 624 3477 merito
655 3410 692 3474 in
723 3412 785 3475 hac
807 3409 955 3476 oratione
977 3410 1224 3480 Grammaticus

147 3512 261 3577 laudat
266 3558 280 3591 ,
308 3512 352 3580 cf.
374 3511 505 3579 Ernest.
528 3511 614 3579 Lex.
636 3513 763 3579 rhetor.
784 3536 818 3602 p.
849 3513 912 3580 179
933 3527 965 3579 et
987 3512 1061 3581 135.

441 3714 489 3782 ln
520 3716 751 3782 orationem
776 3714 921 3805 ipsam.

231 3846 270 3934 ᾖ.
293 3850 325 3915 1.
366 3847 439 3915 Ἐπὶ
452 3860 518 3927 τοῖς
529 3849 756 3928 ταιούτοιςκτλ.
771 3889 816 3903 -·
835 3851 921 3940 Ipsis
938 3849 1106 3940 judicibus
1124 3877 1224 3941 aegre

145 3948 321 4017 ferendum
342 3966 407 4035 est,
438 3952 469 4018 si
490 3954 563 4041 quis
584 3967 630 4021 eo'
643 3953 868 4042 impudentiae
889 3953 1062 4042 procedat,
1091 3969 1130 4021 ut
1151 3980 1220 4023 non

144 4051 254 4115 solum
275 4051 385 4119 aliena
406 4055 493 4121 bona
513 4071 620 4144 petat,
653 4057 709 4123 sed
730 4057 845 4142 legum
866 4080 995 4142 quoque
1021 4059 1222 4125 sententiam

80 4175 82 4181 ·
145 4152 287 4221 fallaciis
315 4177 352 4219 ac
379 4157 560 4225 mendaciis
589 4160 767 4226 obscurare
798 4172 830 4223 et
849 4172 1039 4246 pervertere
1067 4175 1217 4226 conetur.
