2632 4800
178 272 201 316 x
494 240 936 319 PRAEFATIO

176 418 384 508 spexlssem,
399 418 618 485 >deauratione
639 419 828 506 cognitione
847 418 1060 505 supersederi
1081 439 1183 504 posse
1198 420 1252 501 Ju-
1303 430 1307 435 ’

176 537 302 605 dieaviz
337 558 415 602 nam
449 540 493 603 ad
513 537 649 604 Isaeum
671 535 804 624 quidem
829 537 911 604 nihil
938 537 1053 604 afferri
1075 535 1251 606 videbatur

173 657 238 725 nisi
259 676 346 744 qnae
368 677 391 721 a
410 653 550 722 Jonesio
572 663 739 744 oeaupata
760 663 885 723 essent.
905 690 951 709 -
975 654 1060 721 Post
1079 654 1250 725 biennium

37 810 67 841 .··
174 782 286 843 autem
317 775 362 839 ad
382 776 523 857 deeem,
561 794 648 861 qnae
670 773 764 840 solae
786 776 831 839 ad
857 772 891 839 id
911 780 1045 859 tempus
1066 795 1249 860 superesse

171 893 390 978 videbantur,
416 891 509 958 Isaei
530 892 699 959 orationes
721 880 870 990 necessit
890 892 1086 977 undecima,
1117 894 1160 958 de
1174 893 1248 959 llIe-
1299 930 1302 935 ·

172 1013 278 1080 neelis
299 1012 504 1097 hereditate,
534 1033 554 1077 e
576 1010 696 1078 eodioe
709 1012 939 1078 Laurentiano
961 1011 1052 1077 edita
1073 1033 1095 1077 a
1110 1010 1248 1079 Thema

172 1131 373 1215 Tyrwliitto,
401 1129 654 1200 Londini1785.
697 1126 1027 1218 Repetierunt'hane
1046 1128 1244 1216 Gottingan-

171 1272 228 1315 ses
260 1251 293 1314 in'
314 1249 525 1316 Bibliotheca
546 1249 669 1336 antiqu.
698 1249 761 1316 lite
784 1257 819 1316 et
839 1256 916 1315 ortt.
938 1248 1024 1314 1788
1044 1247 1129 1314 fase.
1152 1240 1186 1334 3,
1209 1256 1244 1316 et

171 1368 345 1437 Gonradus
367 1367 533 1453 Orellius,
568 1366 1086 1453 Turiai1814,·uuovolumina
1108 1369 1242 1449 oonjon-

159 1486 259 1554 'etam
286 1510 362 1553 eum
383 1486 546 1553 Isocratis
575 1469 726 1553 oratioue
747 1485 816 1572 aspi
836 1489 892 1568 τῆς
911 1465 1099 1561 ἅντιδόσεῶς
1121 1485 1163 1551 ab
1185 1485 1240 1552 Jo.

169 1605 271 1692 Oesp.
293 1605 420 1672 Orellio
443 1607 550 1690 edita,
581 1607 722 1687 adjectis
744 1607 787 1671 ad
802 1604 1014 1671 Meneelaam
1037 1604 1137 1670 etiam
1158 1605 1241 1671 Bre-

145 1718 224 1791 'mii
245 1724 347 1801 etde.
364 1723 467 1810 Oasp.
481 1722 600 1789 Orellii
616 1723 892 1790 annotationibus.
934 1723 1016 1789 Mox
1036 1723 1126 1789 aliud
1138 1723 1238 1789 Isaeo

166 1843 314 1910 necessit
333 1843 587 1926 inerementum,
615 1842 773 1908 orationis
796 1844 838 1909 de
855 1841 1029 1924 Cleonymi
1050 1843 1239 1909 hereditate

164 1984 245 2048 pars
272 1963 378 2050 major
406 1961 515 2025 adhue
548 1960 757 2044 desiderata,
795 1982 839 2028 ex
863 1960 1088 2027 Ambrosiano
1120 1960 1238 2032 oodiee

81 2072 84 2077 ’
130 2120 133 2125 »
164 2080 208 2145 ab
228 2080 365 2166 Angelo
386 2078 477 2145 Maio
509 2079 617 2164 edita,
650 2078 830 2145 Mediolani
852 2079 948 2164 1815,
980 2081 1114 2162 adjecta
1135 2080 1237 2145 etiam

65 2186 70 2193 ⁵
162 2199 339 2265 varietate·
356 2197 511 2264 lectionis
537 2197 571 2263 in
593 2220 642 2263 or.
663 2190 838 2284 blondel,¹
868 2219 912 2266 ex
934 2200 1054 2265 eodem
1076 2200 1193 2265 eodiee
1215 2220 1239 2263 a

163 2318 252 2383 Maio
276 2324 422 2383 enotata.

246 2435 345 2502 Haeo
371 2436 507 2502 fuerunt
528 2442 606 2500 ante
628 2434 821 2502 Bekkerum
844 2437 887 2534 de
913 2435 1004 2500 Isaei
1032 2435 1236 2502 orationibus

162 2562 352 2623 exterorum
380 2562 415 2621 et
440 2556 639 2621 nostratium
665 2528 804 2621 meritae
844 2576 923 2620 nam
958 2558 1042 2620 duas
1072 2554 1236 2620 editiones

92 2748 97 2763 Ι
160 2674 358 2761 Lipsienses
391 2672 582 2739 'I‘auchnitii
616 2681 651 2739 et
679 2672 841 2759 Weigelii
874 2672 1060 2758 sumptibus
1098 2682 1234 2765 auratas

160 2813 425 2859 eommemorare
440 2792 520 2857 nihil
534 2792 662 2858 attinet.
706 2791 856 2859 Bekkeri
871 2800 985 2858 autem
1008 2814 1114 2878 opera
1134 2813 1234 2879 quam

160 2911 318 2977 salutaris
350 2932 448 2997 quum
481 2910 604 2977 eatenis
626 2911 812 2977 oratoribus
824 2919 902 2978 ‘tum
924 2911 1025 2976 Isaeo
1054 2910 1157 2976 fuerit
1177 2932 1235 2976 ne-

158 3029 281 3096 minem
308 3029 465 3114 ignorare
492 3050 555 3115 par
578 3037 648 3114 ast,
688 3051 797 3116 neque
825 3045 891 3116 ego
918 3030 997 3097 talis
1023 3030 1085 3096 viri
1111 3030 1232 3097 laudes

157 3170 236 3215 mea
263 3149 550 3227 commendatione
581 3168 684 3234 egere
713 3148 865 3213 arbitror.
922 3147 961 3212 In
988 3147 1089 3214 Isaeo
1119 3157 1232 3215 autem

156 3256 361 3333 restituendo
391 3267 560 3332 eodieibus
589 3289 670 3332 usus
692 3275 745 3333 est
766 3246 855 3350 sex,
883 3267 977 3352 siglis
998 3266 1041 3333 A.
1064 3267 1106 3333 B.
1127 3267 1169 3332 L.
1191 3268 1232 3333 P.
1275 3306 1279 3315 ·

156 3385 197 3461 Q.
218 3384 259 3451 Z.
291 3385 486 3470 designatis.
528 3385 657 3451 Horum
685 3385 811 3472 primus
839 3387 902 3468 A„
932 3386 1056 3452 eoteris
1086 3394 1120 3452 et
1140 3386 1232 3452 boni·
1302 3384 1307 3393 ’

154 3511 226 3571 tate
255 3513 289 3571 et
315 3504 508 3589 integritate
539 3512 735 3592 praestans,
775 3503 992 3590 Orippsianus
1022 3513 1096 3588 est,
1128 3527 1231 3570 mem-

154 3622 361 3707 branaeeus,
412 3623 535 3689 formo'
561 3625 723 3708 maxima,
769 3623 924 3689 foliorum
969 3624 1042 3689 170.
1114 3621 1228 3688 Habet

153 3742 241 3808 sieut
268 3741 373 3807 aeteri
399 3743 657 3828 Antiphontem,
697 3741 925 3829 Andocidem,
967 3741 1125 3824 Isaeum,
1172 3740 1231 3805 Ili-

152 3861 331 3944 narohum,
359 3859 571 3946 Lycurgum,
601 3859 782 3946 Gorgiam,
813 3858 1060 3927 Aloidarnantis
1081 3859 1228 3945 Ulixem,

153 3979 427 4064 Lasbonaotem,
466 3978 649 4045 Herodem.
700 3978 847 4047 Saaeulo
870 3977 1000 4045 decimo
1028 3978 1127 4046 tortio
1150 4002 1229 4046 exu-

152 4108 262 4167 ratum
290 4119 368 4166 esse
400 4074 558 4164 (laeuone
587 4098 702 4166 statuit
729 4097 837 4186 prael.
867 4101 911 4166 ad
933 4099 1081 4184 Lyeurg.
1111 4121 1144 4186 p.
1165 4097 1228 4164 XI.
