2632 4800
107 272 173 336 37⁰
468 262 518 332 ut
538 261 820 333 omlottslt

23 502 26 507 .
112 449 150 503 ιιι
178 432 326 516 rideret,
360 456 404 500 ne
431 431 525 520 quis,
566 388 625 518 qui
653 430 751 497 heres
782 427 922 516 alicujus
953 428 1062 495 factus
1094 396 1197 519 essbr,

113 539 252 604 domum
272 532 419 601 defuncti
439 531 579 599 interire
595 546 779 621 pateretur.
821 530 971 619 Apparet
992 545 1107 597 tamen
1126 528 1189 599 hoc

112 658 349 754 saepenumero
362 636 550 721 neglectum
571 656 641 701 esse
662 648 733 701 tum
755 657 801 699 ex
818 630 959 699 oratoris
980 631 1090 699 nostri
1110 654 1182 719 nar·

113 735 301 824 ratione§.
323 737 380 821 31,
412 750 483 802 tum
505 758 551 801 ex
564 734 633 820 iis,
662 758 746 823 quac
766 733 1010 801 Demosthenes
1039 732 1177 829 queritur

114 854 175 906 ctr.
197 837 393 927 Macartp.
415 836 500 903 1077
520 858 570 923 sq.

199 945 234 1020 θ.
256 939 311 1007 31.
342 937 394 1002 διὰ
416 938 468 1018 τί,
495 935 573 1004 Non
598 935 678 1005 satis
698 951 793 1003 caute
813 935 992 1003 Bekkerus
1017 936 1103 1003 baec
1126 954 1173 1001 ext

113 1040 272 1133 punxisse
293 1039 437 1108 ridetur.
488 1039 595 1105 Multo
617 1039 706 1105 enim
728 1037 944 1107 versumilins
967 1051 1035 1123 est,
1064 1037 1176 1106 omisss

114 1166 185 1210 esse
207 1140 453 1232 perscribendi
486 1163 656 1225 errorem,
688 1164 787 1228 quam
807 1141 1026 1207 librariorum
1048 1136 1175 1205 arbitrio

113 1244 251 1311 inserto.
312 1241 482 1309 Auferte
513 1242 653 1309 offendit
679 1266 735 1309 eos
766 1242 977 1332 participium
1013 1243 1177 1328 πραορῶιιι

114 1358 189 1436 post
219 1341 272 1410 δαὶ
299 1342 333 1408 τί
356 1343 502 1434 positum
532 1366 593 1433 pro
620 1340 668 1407 ὅτι
695 1339 1177 1429 ἕώρα1111ιαιαᾶο;,ιιιριιι

114 1448 178 1513 hoc
206 1444 341 1524 durius,
377 1469 479 1533 quam
505 1461 579 1534 post
606 1443 657 1507 ded
688 1451 779 1510 τοῦτο
805 1445 844 1510 ἱιι
873 1458 958 1512 orat.
982 1445 1023 1510 de
1043 1442 1176 1511 Mened.

114 1548 188 1614 her.
212 1544 326 1633 §.132
349 1545 400 1610 διὰ
412 1551 504 1611 τοῦτο
522 1545 577 1612 τὸν
594 1542 691 1628 νόμον
706 1545 817 1630 ἔθηκεν
830 1546 940 1626 οὕτως,
967 1543 1052 1632 ὁρῶν
1072 1549 1177 1611 κτλ.-

115 1646 231 1716 Solent
262 1661 371 1713 autem
392 1671 548 1737 persaepe
569 1663 717 1715 oratores
744 1648 908 1740 ejusmodi
927 1647 1177 1735 interrogatiun-

114 1749 199 1816 culis
227 1745 408 1836 interjectis
437 1749 645 1816 narrationes
676 1750 742 1840 ipsi
762 1773 838 1817 suas
858 1750 1094 1840 interpellare,
1121 1768 1176 1836 qno

115 1848 304 1917 attentiores
333 1850 458 1918 faciant
484 1850 673 1940 judicesad
697 1875 757 1936 ea,
787 1876 869 1939 quae
890 1852 1047 1941 deinceps
1067 1845 1177 1917 dicturi

50 1988 56 1999 ·
115 1964 204 2021 sunt.
248 1948 301 2018 cf.
317 1951 358 2017 ad
371 1976 422 2019 or.
443 1952 483 2017 de
500 1952 661 2038 Dicaeog.
676 1953 749 2020 her.
774 1952 811 2041 ᾖ.
829 1954 882 2020 13.
903 1953 995 2020 Add.
1008 1951 1174 2020 Demostb.

115 2053 192 2119 adv.
213 2049 348 2140 Aphob.
372 2079 405 2143 p.
423 2052 499 2137 848,
523 2057 560 2120 1.
577 2053 654 2133 850,
677 2055 730 2121 13.
752 2071 813 2122 ctr.
828 2056 968 2122 Onetor.
990 2081 1023 2145 p.
1042 2056 1118 2138 876,
1130 2052 1173 2117 17.

115 2152 224 2241 Magis
240 2154 378 2219 offendit
395 2155 595 2244 praepositio
607 2155 645 2221 in
659 2157 763 2223 verbo
781 2162 973 2241 προορῶντι,
1002 2181 1105 2242 quum
1119 2175 1175 2221 non

111 2255 304 2342 praevidisse
325 2279 412 2320 nunc
433 2257 563 2323 dicatur
582 2257 822 2347 Apollodorus,
853 2259 934 2345 quid
954 2282 1086 2325 sorores
1107 2257 1174 2323 illo

115 2359 261 2423 lactinae
288 2371 417 2442 essent,
447 2358 503 2423 sed
525 2358 649 2427 vidisse
670 2360 748 2447 quid
775 2360 942 2427 fecissent.
984 2359 1101 2447 ltaque
1119 2352 1175 2423 nio'

116 2458 189 2546 quis
217 2461 392 2543 πραορῶντι
422 2460 486 2525 hoc
517 2483 618 2527 sensu
643 2462 770 2528 dictum
797 2485 868 2529 esse
895 2463 1098 2527 demonstret
1106 2506 1124 2544 ,Ι
1147 2471 1175 2524 ut
1201 2498 1204 2503 ·

115 2558 278 2646 significet
293 2557 442 2645 πρότερον
457 2557 585 2646 δρῶντι,
607 2587 700 2648 muer
710 2563 787 2648 juo
800 2577 876 2631 ααισ
887 2565 1026 2646 deind,
1046 2562 1084 2629 id
1100 2558 1176 2650 quod

115 2660 268 2749 equidem
296 2685 402 2748 neque
433 2687 537 2750 nego,
572 2688 678 2750 neque
708 2683 819 2731 temen
848 2665 1011 2754 exemplis
1044 2666 1177 2754 probare

114 2786 269 2852 possum,
298 2762 415 2829 malim
433 2786 511 2831 sane
525 2765 671 2853 simplex
691 2762 812 2852 δρῶντι.
853 2765 1013 2833 Reiskius
1027 2765 1178 2856 scriptun

114 2864 217 2930 fuisse
238 2877 348 2951 putat:
385 2863 436 2928 διὰ
458 2866 492 2929 τί
509 2862 683 2951 πρόδηλον,
719 2864 830 2953 ὁρῶντι
851 2907 910 2948 -,
938 2868 1024 2955 quod
1048 2878 1179 2934 nonest

114 2963 299 3053 probabile.
321 3003 365 3015 —
385 2963 438 3032 De
459 2965 616 3054 πρόδηλον
635 2969 705 3036 vid.
722 2971 762 3035 ad
786 2994 835 3037 or.
858 2969 898 3035 de
920 2969 1047 3061 Pyrrh.
1070 2969 1178 3036 hered.

200 3166 238 3252 ᾗ.
260 3168 315 3233 32.
339 3162 423 3232 οἶκον
444 3169 477 3234 ἔκ
498 3175 554 3234 ταῦ
575 3177 711 3257 φανεροῦ
731 3178 980 3258 τριηραρχοῦντα
1001 3170 1178 3259 ἀνῃρήκασι.

114 3268 262 3357 Apparet
283 3267 346 3333 hoc
372 3268 406 3334 ἐκ
432 3275 490 3335 ταῦ
510 3279 647 3358 φανεροῦ
669 3274 736 3339 non
758 3275 799 3339 ad
829 3300 931 3360 τριηρ.
952 3275 1008 3340 sed
1031 3277 1075 3340 ad
1097 3273 1176 3360 ἆνῃρ.

103 3368 291 3459 pertinere.
337 3366 402 3434 Sed
423 3371 486 3437 illa
506 3376 685 3459 verborum
708 3377 880 3442 collocatio
903 3377 975 3443 vim
996 3376 1090 3442 addit
1108 3398 1179 3466 pst·-

115 3469 228 3558 ticipio
250 3469 418 3555 eliquanto
440 3473 617 3565 majorem:
650 3478 773 3543 domtus
793 3479 833 3541 de
854 3467 1017 3543 medic-
1037 3491 1071 3542 et
1088 3480 1177 3543 talen

115 3573 238 3637 dommo
257 3608 300 3620 —-
319 3575 516 3642 amoenat.

200 3670 237 3759 ᾖ.
259 3674 312 3739 33.
343 3673 429 3760 παραὶ
457 3673 576 3742 τούτων
603 3681 702 3764 poor
729 3677 839 3746 ὅντων.
882 3678 959 3747 Νοιι
980 3682 1067 3749 alios
1087 3702 1180 3769 qnam

115 3771 348 3861 Pronapam'
318 3797 453 3864 opusque
466 3802 607 3845 uxorem
620 3781 765 3869 intellig1
755 3781 991 3849 manifestum
1003 3799 1065 3866 est,
1086 3785 1181 3873 etiarn

116 3897 161 3939 ex
180 3874 317 3959 iisqnae
338 3878 451 3946 atatim
461 3881 638 3948 adduntur
682 3884 858 3950 Indefinito
875 3907 955 3972 ergo
981 3882 1180 3974 pronomini,

115 3973 202 4058 quod
232 3971 352 4043 Reisk.
381 3982 546 4096 reposuit,
579 3983 667 4068 παρά
695 4010 771 4069 του,
812 3985 868 4050 hic
899 4010 968 4051 non
1000 4001 1050 4052 est
1073 3987 1180 4065 locus;

114 4095 220 4160 neque
239 4078 399 4162 potuisset
418 4081 466 4147 ita
486 4084 698 4174 participium
719 4112 816 4153 οντων
838 4088 927 4154 addi.
973 4084 1073 4174 Quod
1094 4086 1181 4153 Bek-

114 4171 214 4239 kerua
230 4175 320 4243 dedit
335 4202 455 4250 verona
474 4184 563 4252 haud
585 4188 685 4255 dubie
706 4202 774 4274 est,
805 4204 837 4255 et
858 4189 894 4255 in
917 4189 1088 4257 codicibus
1103 4210 1181 4277 quo·
