<?xml version="1.0" encoding="UTF-8"?>
<!DOCTYPE html PUBLIC "-//W3C//DTD XHTML 1.0 Transitional//EN"
    "http://www.w3.org/TR/xhtml1/DTD/xhtml1-transitional.dtd">
<html xmlns="http://www.w3.org/1999/xhtml" xml:lang="en" lang="en">
 <head>
  <title>
</title>
<meta http-equiv="Content-Type" content="text/html;charset=utf-8" />
  <meta name='ocr-system' content='tesseract 3.04.00' />
  <meta name='ocr-capabilities' content='ocr_page ocr_carea ocr_par ocr_line ocrx_word'/>
</head>
<body>
  <div class='ocr_page' id='page_1' title='image "./isaeiorationesx00isaegoog_0326.png"; bbox 0 0 2632 4800; ppageno 0'>
   <div class='ocr_carea' id='block_1_1' title="bbox 137 248 1155 345">
    <p class='ocr_par' dir='ltr' id='par_1_1' title="bbox 137 248 1155 345">
     <span class='ocr_line' id='line_1_1' title="bbox 137 248 1155 345; baseline 0.01 -10"><span class='ocrx_word' id='word_1_1' title='bbox 137 330 141 335; x_wconf 84' lang='lat'>.</span> <span class='ocrx_word' id='word_1_2' title='bbox 248 274 312 344; x_wconf 84' lang='lat' dir='ltr'><strong>ne</strong></span> <span class='ocrx_word' id='word_1_3' title='bbox 332 270 652 343; x_wconf 73' lang='lat' dir='ltr'><strong>nloanoennls.</strong></span> <span class='ocrx_word' id='word_1_4' title='bbox 668 248 989 345; x_wconf 63' lang='lat' dir='ltr'><strong>namnum.</strong></span> <span class='ocrx_word' id='word_1_5' title='bbox 1038 262 1041 267; x_wconf 81' lang='grc'><strong>’</strong></span> <span class='ocrx_word' id='word_1_6' title='bbox 1088 276 1155 345; x_wconf 82' lang='grc' dir='ltr'><strong>οοο</strong></span> 
     </span>
    </p>
   </div>
   <div class='ocr_carea' id='block_1_2' title="bbox 56 440 1153 849">
    <p class='ocr_par' dir='ltr' id='par_1_2' title="bbox 56 440 1153 849">
     <span class='ocr_line' id='line_1_2' title="bbox 56 440 1153 531; baseline 0.008 -28"><span class='ocrx_word' id='word_1_7' title='bbox 56 444 139 507; x_wconf 74' lang='grc' dir='ltr'><strong>καὶ</strong></span> <span class='ocrx_word' id='word_1_8' title='bbox 157 445 213 530; x_wconf 81' lang='grc' dir='ltr'><strong>τὴν</strong></span> <span class='ocrx_word' id='word_1_9' title='bbox 235 443 333 531; x_wconf 73' lang='grc' dir='ltr'>ἀρχὴν</span> <span class='ocrx_word' id='word_1_10' title='bbox 354 443 434 530; x_wconf 78' lang='grc' dir='ltr'><strong>παρ’</strong></span> <span class='ocrx_word' id='word_1_11' title='bbox 457 440 554 508; x_wconf 77' lang='grc' dir='ltr'>αὐτοῦ</span> <span class='ocrx_word' id='word_1_12' title='bbox 575 440 741 529; x_wconf 78' lang='grc' dir='ltr'>πριάμενος</span> <span class='ocrx_word' id='word_1_13' title='bbox 761 441 915 530; x_wconf 78' lang='grc' dir='ltr'><strong>πάρεδρος</strong></span> <span class='ocrx_word' id='word_1_14' title='bbox 934 442 1153 529; x_wconf 80' lang='grc' dir='ltr'>γενόμενος-,</span> 
     </span>
     <span class='ocr_line' id='line_1_3' title="bbox 58 544 1152 637; baseline 0.005 -26"><span class='ocrx_word' id='word_1_15' title='bbox 58 544 212 635; x_wconf 77' lang='lat' dir='ltr'><strong>aliaque</strong></span> <span class='ocrx_word' id='word_1_16' title='bbox 251 572 321 614; x_wconf 91' lang='lat' dir='ltr'><strong>non</strong></span> <span class='ocrx_word' id='word_1_17' title='bbox 347 569 463 637; x_wconf 87' lang='lat' dir='ltr'><strong>pauca.</strong></span> <span class='ocrx_word' id='word_1_18' title='bbox 521 544 678 612; x_wconf 75' lang='lat' dir='ltr'><strong>Ceterum</strong></span> <span class='ocrx_word' id='word_1_19' title='bbox 706 544 793 612; x_wconf 80' lang='lat' dir='ltr'><strong>coni.</strong></span> <span class='ocrx_word' id='word_1_20' title='bbox 821 545 1073 615; x_wconf 70' lang='lat' dir='ltr'><strong>Buttmannnm&#39;</strong></span> <span class='ocrx_word' id='word_1_21' title='bbox 1091 547 1152 617; x_wconf 78' lang='lat' dir='ltr'><strong>(ir.</strong></span> 
     </span>
     <span class='ocr_line' id='line_1_4' title="bbox 60 640 1153 740; baseline 0.005 -29"><span class='ocrx_word' id='word_1_22' title='bbox 60 640 144 715; x_wconf 76' lang='lat' dir='ltr'><strong>Gt.</strong></span> <span class='ocrx_word' id='word_1_23' title='bbox 164 648 200 717; x_wconf 92' lang='lat' dir='ltr'><strong>ll</strong></span> <span class='ocrx_word' id='word_1_24' title='bbox 220 675 255 740; x_wconf 88' lang='lat' dir='ltr'><strong>p.</strong></span> <span class='ocrx_word' id='word_1_25' title='bbox 272 652 337 715; x_wconf 79' lang='lat'><strong>223</strong></span> <span class='ocrx_word' id='word_1_26' title='bbox 358 646 542 715; x_wconf 83' lang='lat' dir='ltr'><strong>rectissime</strong></span> <span class='ocrx_word' id='word_1_27' title='bbox 564 648 604 713; x_wconf 91' lang='lat' dir='ltr'><strong>de</strong></span> <span class='ocrx_word' id='word_1_28' title='bbox 624 649 688 714; x_wconf 89' lang='lat' dir='ltr'><strong>hoc</strong></span> <span class='ocrx_word' id='word_1_29' title='bbox 707 647 811 715; x_wconf 83' lang='lat' dir='ltr'><strong>verbo</strong></span> <span class='ocrx_word' id='word_1_30' title='bbox 832 648 1153 737; x_wconf 85' lang='lat' dir='ltr'><strong>praecipientem.—</strong></span> 
     </span>
     <span class='ocr_line' id='line_1_5' title="bbox 60 738 1151 849; baseline 0.005 -36"><span class='ocrx_word' id='word_1_31' title='bbox 60 738 181 827; x_wconf 75' lang='lat' dir='ltr'><strong>Quod</strong></span> <span class='ocrx_word' id='word_1_32' title='bbox 203 750 351 838; x_wconf 85' lang='lat' dir='ltr'><strong>sequitur</strong></span> <span class='ocrx_word' id='word_1_33' title='bbox 373 751 424 813; x_wconf 78' lang='grc' dir='ltr'><strong>καὶ</strong></span> <span class='ocrx_word' id='word_1_34' title='bbox 446 749 572 832; x_wconf 74' lang='grc' dir='ltr'>θέμενοι</span> <span class='ocrx_word' id='word_1_35' title='bbox 601 763 650 849; x_wconf 53' lang='grc' dir='ltr'><strong>εει</strong></span> <span class='ocrx_word' id='word_1_36' title='bbox 670 744 868 831; x_wconf 68' lang='grc' dir='ltr'>ὑποθέμενοι.</span> <span class='ocrx_word' id='word_1_37' title='bbox 910 748 991 818; x_wconf 83' lang='lat' dir='ltr'><strong>vid.</strong></span> <span class='ocrx_word' id='word_1_38' title='bbox 1014 750 1055 817; x_wconf 92' lang='lat' dir='ltr'><strong>de</strong></span> <span class='ocrx_word' id='word_1_39' title='bbox 1077 752 1151 820; x_wconf 85' lang='lat' dir='ltr'><strong>ord.</strong></span> 
     </span>
    </p>
   </div>
   <div class='ocr_carea' id='block_1_3' title="bbox 58 835 461 944">
    <p class='ocr_par' dir='ltr' id='par_1_3' title="bbox 58 835 461 944">
     <span class='ocr_line' id='line_1_6' title="bbox 58 835 461 944; baseline 0.017 -31"><span class='ocrx_word' id='word_1_40' title='bbox 58 835 151 924; x_wconf 70' lang='lat' dir='ltr'><strong>iud.</strong></span> <span class='ocrx_word' id='word_1_41' title='bbox 171 877 207 944; x_wconf 86' lang='lat' dir='ltr'><strong>p.</strong></span> <span class='ocrx_word' id='word_1_42' title='bbox 230 854 295 919; x_wconf 81' lang='lat'><strong>505</strong></span> <span class='ocrx_word' id='word_1_43' title='bbox 316 868 384 918; x_wconf 89' lang='lat' dir='ltr'><strong>not.</strong></span> <span class='ocrx_word' id='word_1_44' title='bbox 406 854 461 920; x_wconf 89' lang='grc'><strong>83.</strong></span> 
     </span>
    </p>
   </div>
   <div class='ocr_carea' id='block_1_4' title="bbox 23 968 1277 3401">
    <p class='ocr_par' dir='ltr' id='par_1_4' title="bbox 57 968 1203 1670">
     <span class='ocr_line' id='line_1_7' title="bbox 165 968 1153 1059; baseline 0.001 -22"><span class='ocrx_word' id='word_1_45' title='bbox 165 971 201 1059; x_wconf 60' lang='grc' dir='ltr'><strong>ξ.</strong></span> <span class='ocrx_word' id='word_1_46' title='bbox 223 974 279 1038; x_wconf 81' lang='grc'><strong>22.</strong></span> <span class='ocrx_word' id='word_1_47' title='bbox 300 969 358 1047; x_wconf 72' lang='grc' dir='ltr'><strong>ἔξω</strong></span> <span class='ocrx_word' id='word_1_48' title='bbox 379 970 507 1052; x_wconf 73' lang='grc' dir='ltr'><strong>τείχους.</strong></span> <span class='ocrx_word' id='word_1_49' title='bbox 548 968 656 1037; x_wconf 78' lang='lat' dir='ltr'><strong>Abest</strong></span> <span class='ocrx_word' id='word_1_50' title='bbox 671 968 847 1052; x_wconf 83' lang='lat' dir='ltr'><strong>articulus,</strong></span> <span class='ocrx_word' id='word_1_51' title='bbox 875 981 913 1034; x_wconf 89' lang='lat' dir='ltr'><strong>nt</strong></span> <span class='ocrx_word' id='word_1_52' title='bbox 932 991 1029 1056; x_wconf 80' lang='lat' dir='ltr'><strong>saepe</strong></span> <span class='ocrx_word' id='word_1_53' title='bbox 1049 995 1153 1057; x_wconf 87' lang='lat' dir='ltr'><strong>quum</strong></span> 
     </span>
     <span class='ocr_line' id='line_1_8' title="bbox 57 1068 1151 1159; baseline 0.005 -24"><span class='ocrx_word' id='word_1_54' title='bbox 57 1068 172 1141; x_wconf 76' lang='lat' dir='ltr'><strong>¹ubic</strong></span> <span class='ocrx_word' id='word_1_55' title='bbox 186 1073 553 1159; x_wconf 82' lang='lat' dir='ltr'><strong>moeniadeaignantnn.</strong></span> <span class='ocrx_word' id='word_1_56' title='bbox 577 1069 1151 1159; x_wconf 74' lang='lat' dir='ltr'><strong>cf.E1msl.adAristoph.Acham.</strong></span> 
     </span>
     <span class='ocr_line' id='line_1_9' title="bbox 63 1170 1153 1263; baseline -0.004 -21"><span class='ocrx_word' id='word_1_57' title='bbox 63 1174 319 1257; x_wconf 65' lang='lat' dir='ltr'><strong>¹¹1³·Dindorf.</strong></span> <span class='ocrx_word' id='word_1_58' title='bbox 351 1189 432 1247; x_wconf 83' lang='lat' dir='ltr'><strong>tom.</strong></span> <span class='ocrx_word' id='word_1_59' title='bbox 454 1173 487 1239; x_wconf 87' lang='lat' dir='ltr'><strong>V</strong></span> <span class='ocrx_word' id='word_1_60' title='bbox 514 1199 547 1263; x_wconf 87' lang='lat' dir='ltr'><strong>p.</strong></span> <span class='ocrx_word' id='word_1_61' title='bbox 570 1173 625 1240; x_wconf 82' lang='grc'><strong>74.</strong></span> <span class='ocrx_word' id='word_1_62' title='bbox 676 1173 761 1240; x_wconf 86' lang='lat' dir='ltr'><strong>Item</strong></span> <span class='ocrx_word' id='word_1_63' title='bbox 789 1172 822 1237; x_wconf 72' lang='grc' dir='ltr'><strong>ἐν</strong></span> <span class='ocrx_word' id='word_1_64' title='bbox 852 1171 948 1259; x_wconf 71' lang='grc' dir='ltr'>πεδίῳ</span> <span class='ocrx_word' id='word_1_65' title='bbox 969 1196 1031 1260; x_wconf 86' lang='lat' dir='ltr'><strong>pro</strong></span> <span class='ocrx_word' id='word_1_66' title='bbox 1053 1170 1086 1237; x_wconf 75' lang='grc' dir='ltr'><strong>ἔν</strong></span> <span class='ocrx_word' id='word_1_67' title='bbox 1106 1180 1153 1261; x_wconf 76' lang='grc' dir='ltr'><strong>τῷ</strong></span> 
     </span>
     <span class='ocr_line' id='line_1_10' title="bbox 58 1273 1153 1365; baseline 0.006 -29"><span class='ocrx_word' id='word_1_68' title='bbox 58 1273 173 1364; x_wconf 64' lang='grc' dir='ltr'>πεδίῳ</span> <span class='ocrx_word' id='word_1_69' title='bbox 193 1292 281 1343; x_wconf 88' lang='lat' dir='ltr'><strong>recte</strong></span> <span class='ocrx_word' id='word_1_70' title='bbox 303 1275 441 1359; x_wconf 88' lang='lat' dir='ltr'><strong>dicitur,</strong></span> <span class='ocrx_word' id='word_1_71' title='bbox 474 1300 576 1363; x_wconf 88' lang='lat' dir='ltr'><strong>quum</strong></span> <span class='ocrx_word' id='word_1_72' title='bbox 596 1275 640 1341; x_wconf 85' lang='lat' dir='ltr'><strong>sit</strong></span> <span class='ocrx_word' id='word_1_73' title='bbox 669 1275 733 1340; x_wconf 93' lang='lat' dir='ltr'><strong>hoc</strong></span> <span class='ocrx_word' id='word_1_74' title='bbox 754 1273 996 1363; x_wconf 74' lang='lat' dir='ltr'><strong>quodantmodo</strong></span> <span class='ocrx_word' id='word_1_75' title='bbox 1024 1273 1153 1365; x_wconf 81' lang='lat' dir='ltr'><strong>proprii</strong></span> 
     </span>
     <span class='ocr_line' id='line_1_11' title="bbox 59 1372 1153 1465; baseline 0.001 -21"><span class='ocrx_word' id='word_1_76' title='bbox 59 1376 225 1444; x_wconf 57' lang='lat' dir='ltr'><strong>nominis</strong></span> <span class='ocrx_word' id='word_1_77' title='bbox 246 1378 368 1462; x_wconf 84' lang='lat' dir='ltr'><strong>instar,</strong></span> <span class='ocrx_word' id='word_1_78' title='bbox 401 1372 614 1465; x_wconf 83' lang='lat' dir='ltr'><strong>designetqne</strong></span> <span class='ocrx_word' id='word_1_79' title='bbox 640 1378 714 1442; x_wconf 78' lang='lat' dir='ltr'><strong>eant</strong></span> <span class='ocrx_word' id='word_1_80' title='bbox 734 1374 865 1442; x_wconf 80' lang='lat' dir='ltr'><strong>Atticae</strong></span> <span class='ocrx_word' id='word_1_81' title='bbox 890 1390 1040 1464; x_wconf 82' lang='lat' dir='ltr'><strong>partem,</strong></span> <span class='ocrx_word' id='word_1_82' title='bbox 1066 1401 1153 1465; x_wconf 84' lang='lat' dir='ltr'><strong>qnae</strong></span> 
     </span>
     <span class='ocr_line' id='line_1_12' title="bbox 60 1477 1203 1565; baseline 0.002 -20"><span class='ocrx_word' id='word_1_83' title='bbox 60 1482 128 1539; x_wconf 68' lang='lat' dir='ltr'><strong>⁹⁸t</strong></span> <span class='ocrx_word' id='word_1_84' title='bbox 148 1503 170 1545; x_wconf 84' lang='lat' dir='ltr'><strong>a</strong></span> <span class='ocrx_word' id='word_1_85' title='bbox 191 1479 363 1565; x_wconf 79' lang='lat' dir='ltr'><strong>Megaride</strong></span> <span class='ocrx_word' id='word_1_86' title='bbox 396 1479 437 1546; x_wconf 87' lang='lat' dir='ltr'><strong>ad</strong></span> <span class='ocrx_word' id='word_1_87' title='bbox 457 1478 616 1545; x_wconf 82' lang='lat' dir='ltr'><strong>Boeotiae</strong></span> <span class='ocrx_word' id='word_1_88' title='bbox 646 1477 789 1545; x_wconf 87' lang='lat' dir='ltr'><strong>confinia</strong></span> <span class='ocrx_word' id='word_1_89' title='bbox 803 1491 1002 1565; x_wconf 20' lang='lat' dir='ltr'><strong>&#39;montesque</strong></span> <span class='ocrx_word' id='word_1_90' title='bbox 1023 1477 1162 1547; x_wconf 85' lang='lat' dir='ltr'><strong>Parno·&#39;</strong></span> <span class='ocrx_word' id='word_1_91' title='bbox 1200 1532 1203 1537; x_wconf 82' lang='lat'>.</span> 
     </span>
     <span class='ocr_line' id='line_1_13' title="bbox 60 1562 1150 1670; baseline 0.006 -28"><span class='ocrx_word' id='word_1_92' title='bbox 60 1562 191 1660; x_wconf 69' lang='lat' dir='ltr'><strong>them,</strong></span> <span class='ocrx_word' id='word_1_93' title='bbox 219 1580 422 1665; x_wconf 84' lang='lat' dir='ltr'><strong>Brilessum,</strong></span> <span class='ocrx_word' id='word_1_94' title='bbox 451 1580 669 1647; x_wconf 82' lang='lat' dir='ltr'><strong>Pentelienm.</strong></span> <span class='ocrx_word' id='word_1_95' title='bbox 725 1577 779 1645; x_wconf 80' lang='lat' dir='ltr'><strong>cf.</strong></span> <span class='ocrx_word' id='word_1_96' title='bbox 803 1580 843 1644; x_wconf 90' lang='lat' dir='ltr'><strong>de</strong></span> <span class='ocrx_word' id='word_1_97' title='bbox 873 1580 985 1646; x_wconf 87' lang='lat' dir='ltr'><strong>comit.</strong></span> <span class='ocrx_word' id='word_1_98' title='bbox 1015 1605 1050 1670; x_wconf 82' lang='lat' dir='ltr'><strong>p.</strong></span> <span class='ocrx_word' id='word_1_99' title='bbox 1072 1579 1150 1653; x_wconf 85' lang='grc'><strong>342.</strong></span> 
     </span>
    </p>

    <p class='ocr_par' dir='ltr' id='par_1_5' title="bbox 23 1657 1277 2689">
     <span class='ocr_line' id='line_1_14' title="bbox 23 1657 1151 1771; baseline -0.002 -22"><span class='ocrx_word' id='word_1_100' title='bbox 23 1698 27 1703; x_wconf 86' lang='grc'><strong>’</strong></span> <span class='ocrx_word' id='word_1_101' title='bbox 58 1657 253 1749; x_wconf 71' lang='lat' dir='ltr'><strong>Demosth.</strong></span> <span class='ocrx_word' id='word_1_102' title='bbox 275 1699 334 1749; x_wconf 88' lang='lat' dir='ltr'><strong>ctr.</strong></span> <span class='ocrx_word' id='word_1_103' title='bbox 349 1683 503 1750; x_wconf 85' lang='lat' dir='ltr'><strong>Timotb.</strong></span> <span class='ocrx_word' id='word_1_104' title='bbox 525 1707 558 1771; x_wconf 89' lang='lat' dir='ltr'><strong>p.</strong></span> <span class='ocrx_word' id='word_1_105' title='bbox 572 1683 668 1763; x_wconf 89' lang='lat'><strong>1187,</strong></span> <span class='ocrx_word' id='word_1_106' title='bbox 689 1684 753 1748; x_wconf 77' lang='lat'><strong>20:</strong></span> <span class='ocrx_word' id='word_1_107' title='bbox 781 1677 797 1746; x_wconf 85' lang='grc' dir='ltr'>ὅ</span> <span class='ocrx_word' id='word_1_108' title='bbox 820 1682 852 1747; x_wconf 75' lang='grc' dir='ltr'><strong>ἓν</strong></span> <span class='ocrx_word' id='word_1_109' title='bbox 872 1683 967 1770; x_wconf 75' lang='grc' dir='ltr'>πεδίῳ</span> <span class='ocrx_word' id='word_1_110' title='bbox 988 1678 1092 1767; x_wconf 78' lang='grc' dir='ltr'>ἀγρός.</span> <span class='ocrx_word' id='word_1_111' title='bbox 1106 1722 1151 1737; x_wconf 89' lang='grc'>-</span> 
     </span>
     <span class='ocr_line' id='line_1_15' title="bbox 60 1756 1150 1871; baseline -0.002 -20"><span class='ocrx_word' id='word_1_112' title='bbox 60 1756 357 1871; x_wconf 66' lang='lat' dir='ltr'><strong>Insequentibus</strong></span> <span class='ocrx_word' id='word_1_113' title='bbox 389 1786 430 1851; x_wconf 87' lang='lat' dir='ltr'><strong>ad</strong></span> <span class='ocrx_word' id='word_1_114' title='bbox 458 1784 488 1850; x_wconf 78' lang='grc' dir='ltr'><strong>οἱ</strong></span> <span class='ocrx_word' id='word_1_115' title='bbox 514 1821 558 1834; x_wconf 91' lang='lat'><em>-</em></span> <span class='ocrx_word' id='word_1_116' title='bbox 583 1780 743 1869; x_wconf 80' lang='grc' dir='ltr'>πριάμενοι</span> <span class='ocrx_word' id='word_1_117' title='bbox 768 1783 866 1850; x_wconf 81' lang='lat' dir='ltr'><strong>facile</strong></span> <span class='ocrx_word' id='word_1_118' title='bbox 895 1809 913 1851; x_wconf 96' lang='lat' dir='ltr'><strong>e</strong></span> <span class='ocrx_word' id='word_1_119' title='bbox 939 1786 1150 1868; x_wconf 64' lang='lat' dir='ltr'><strong>canonicando</strong></span> 
     </span>
     <span class='ocr_line' id='line_1_16' title="bbox 62 1884 1221 1979; baseline 0.008 -33"><span class='ocrx_word' id='word_1_120' title='bbox 62 1884 249 1975; x_wconf 57' lang='lat' dir='ltr'><strong>&amp;uppletur</strong></span> <span class='ocrx_word' id='word_1_121' title='bbox 264 1886 385 1968; x_wconf 51' lang='grc' dir='ltr'>ἔχουσι,</span> <span class='ocrx_word' id='word_1_122' title='bbox 412 1911 517 1974; x_wconf 90' lang='lat' dir='ltr'><strong>neque</strong></span> <span class='ocrx_word' id='word_1_123' title='bbox 538 1884 700 1951; x_wconf 74' lang='lat' dir='ltr'><strong>excidisse</strong></span> <span class='ocrx_word' id='word_1_124' title='bbox 721 1886 785 1952; x_wconf 87' lang='lat' dir='ltr'><strong>hoc</strong></span> <span class='ocrx_word' id='word_1_125' title='bbox 801 1888 941 1954; x_wconf 88' lang='lat' dir='ltr'><strong>verbnm</strong></span> <span class='ocrx_word' id='word_1_126' title='bbox 961 1886 1150 1977; x_wconf 72' lang='lat' dir='ltr'><strong>putabimus</strong></span> <span class='ocrx_word' id='word_1_127' title='bbox 1216 1972 1221 1979; x_wconf 89' lang='lat'><em>.</em></span> 
     </span>
     <span class='ocr_line' id='line_1_17' title="bbox 67 1987 1277 2076; baseline -0.005 -21"><span class='ocrx_word' id='word_1_128' title='bbox 67 1994 155 2055; x_wconf 57' lang='lat' dir='ltr'><strong>Qum</strong></span> <span class='ocrx_word' id='word_1_129' title='bbox 175 1988 329 2056; x_wconf 81' lang='lat' dir='ltr'><strong>Reiskio.</strong></span> <span class='ocrx_word' id='word_1_130' title='bbox 373 1988 470 2055; x_wconf 90' lang='lat' dir='ltr'><strong>Nihil</strong></span> <span class='ocrx_word' id='word_1_131' title='bbox 498 2001 546 2054; x_wconf 84' lang='lat' dir='ltr'><strong>est</strong></span> <span class='ocrx_word' id='word_1_132' title='bbox 574 1987 635 2053; x_wconf 89' lang='lat' dir='ltr'><strong>tali</strong></span> <span class='ocrx_word' id='word_1_133' title='bbox 662 2003 835 2076; x_wconf 78' lang='lat' dir='ltr'><strong>zeugmate</strong></span> <span class='ocrx_word' id='word_1_134' title='bbox 866 1988 1084 2076; x_wconf 85' lang='lat' dir='ltr'><strong>frequentina.</strong></span> <span class='ocrx_word' id='word_1_135' title='bbox 1105 2026 1150 2041; x_wconf 88' lang='lat'><strong>--</strong></span> <span class='ocrx_word' id='word_1_136' title='bbox 1274 2043 1277 2049; x_wconf 79' lang='grc'>,</span> 
     </span>
     <span class='ocr_line' id='line_1_18' title="bbox 64 2062 1151 2180; baseline 0.007 -29"><span class='ocrx_word' id='word_1_137' title='bbox 64 2062 231 2178; x_wconf 64' lang='lat' dir='ltr'><strong>lienique</strong></span> <span class='ocrx_word' id='word_1_138' title='bbox 260 2088 346 2173; x_wconf 72' lang='grc' dir='ltr'>ἡμεῖς</span> <span class='ocrx_word' id='word_1_139' title='bbox 378 2089 434 2155; x_wconf 79' lang='grc' dir='ltr'><strong>οὐκ</strong></span> <span class='ocrx_word' id='word_1_140' title='bbox 460 2092 607 2174; x_wconf 72' lang='grc' dir='ltr'>ἓξοιγομεν</span> <span class='ocrx_word' id='word_1_141' title='bbox 627 2091 668 2155; x_wconf 85' lang='lat' dir='ltr'><strong>ad</strong></span> <span class='ocrx_word' id='word_1_142' title='bbox 701 2089 856 2174; x_wconf 74' lang='grc' dir='ltr'><strong>ἐξαγωγὴν</strong></span> <span class='ocrx_word' id='word_1_143' title='bbox 875 2088 1034 2180; x_wconf 80' lang='lat' dir='ltr'><strong>pertinet,</strong></span> <span class='ocrx_word' id='word_1_144' title='bbox 1066 2113 1151 2180; x_wconf 80' lang='lat' dir='ltr'><strong>qnae</strong></span> 
     </span>
     <span class='ocr_line' id='line_1_19' title="bbox 69 2190 1150 2284; baseline 0.006 -31"><span class='ocrx_word' id='word_1_145' title='bbox 69 2196 148 2257; x_wconf 61' lang='lat' dir='ltr'><strong>hon</strong></span> <span class='ocrx_word' id='word_1_146' title='bbox 174 2193 282 2258; x_wconf 87' lang='lat' dir='ltr'><strong>aolnm</strong></span> <span class='ocrx_word' id='word_1_147' title='bbox 311 2192 353 2257; x_wconf 89' lang='lat' dir='ltr'><strong>ab</strong></span> <span class='ocrx_word' id='word_1_148' title='bbox 381 2190 629 2284; x_wconf 85' lang='lat' dir='ltr'><strong>hypothecariis</strong></span> <span class='ocrx_word' id='word_1_149' title='bbox 656 2190 787 2257; x_wconf 78' lang='lat' dir='ltr'><strong>institui</strong></span> <span class='ocrx_word' id='word_1_150' title='bbox 812 2193 937 2281; x_wconf 88' lang='lat' dir='ltr'><strong>potuit,</strong></span> <span class='ocrx_word' id='word_1_151' title='bbox 968 2193 1150 2261; x_wconf 79' lang='lat' dir='ltr'><strong>sedetiam</strong></span> 
     </span>
     <span class='ocr_line' id='line_1_20' title="bbox 73 2293 1150 2388; baseline 0.005 -29"><span class='ocrx_word' id='word_1_152' title='bbox 73 2302 191 2381; x_wconf 59' lang='lat' dir='ltr'><strong>donna</strong></span> <span class='ocrx_word' id='word_1_153' title='bbox 214 2295 488 2384; x_wconf 84' lang='lat' dir='ltr'><strong>hypothecarios,</strong></span> <span class='ocrx_word' id='word_1_154' title='bbox 517 2293 546 2360; x_wconf 83' lang='lat' dir='ltr'><strong>si</strong></span> <span class='ocrx_word' id='word_1_155' title='bbox 568 2293 640 2379; x_wconf 86' lang='lat' dir='ltr'><strong>quis</strong></span> <span class='ocrx_word' id='word_1_156' title='bbox 654 2293 774 2359; x_wconf 84' lang='lat' dir='ltr'><strong>melius</strong></span> <span class='ocrx_word' id='word_1_157' title='bbox 795 2293 834 2359; x_wconf 89' lang='lat' dir='ltr'><strong>in</strong></span> <span class='ocrx_word' id='word_1_158' title='bbox 853 2295 1075 2385; x_wconf 78' lang='lat' dir='ltr'><strong>hypothecam</strong></span> <span class='ocrx_word' id='word_1_159' title='bbox 1096 2295 1150 2388; x_wconf 79' lang='lat' dir='ltr'><strong>joa</strong></span> 
     </span>
     <span class='ocr_line' id='line_1_21' title="bbox 78 2393 1150 2486; baseline 0.004 -25"><span class='ocrx_word' id='word_1_160' title='bbox 78 2416 178 2463; x_wconf 78' lang='lat' dir='ltr'><strong>annm</strong></span> <span class='ocrx_word' id='word_1_161' title='bbox 189 2420 260 2462; x_wconf 86' lang='lat' dir='ltr'><strong>ease</strong></span> <span class='ocrx_word' id='word_1_162' title='bbox 275 2397 495 2463; x_wconf 85' lang='lat' dir='ltr'><strong>contenderet.</strong></span> <span class='ocrx_word' id='word_1_163' title='bbox 526 2393 579 2464; x_wconf 83' lang='lat' dir='ltr'><strong>cf.</strong></span> <span class='ocrx_word' id='word_1_164' title='bbox 594 2394 769 2478; x_wconf 82' lang='lat' dir='ltr'><strong>Demostb.</strong></span> <span class='ocrx_word' id='word_1_165' title='bbox 789 2411 850 2462; x_wconf 84' lang='lat' dir='ltr'><strong>etr.</strong></span> <span class='ocrx_word' id='word_1_166' title='bbox 863 2397 1006 2464; x_wconf 90' lang='lat' dir='ltr'><strong>Zenoth.</strong></span> <span class='ocrx_word' id='word_1_167' title='bbox 1033 2422 1067 2486; x_wconf 85' lang='lat' dir='ltr'><strong>p.</strong></span> <span class='ocrx_word' id='word_1_168' title='bbox 1083 2398 1150 2465; x_wconf 82' lang='lat'><strong>887</strong></span> 
     </span>
     <span class='ocr_line' id='line_1_22' title="bbox 76 2480 1158 2586; baseline 0.002 -25"><span class='ocrx_word' id='word_1_169' title='bbox 76 2496 128 2564; x_wconf 80' lang='lat' dir='ltr'><strong>in.</strong></span> <span class='ocrx_word' id='word_1_170' title='bbox 171 2498 245 2564; x_wconf 80' lang='lat' dir='ltr'><strong>Hae</strong></span> <span class='ocrx_word' id='word_1_171' title='bbox 272 2497 376 2586; x_wconf 85' lang='lat' dir='ltr'><strong>igitur</strong></span> <span class='ocrx_word' id='word_1_172' title='bbox 396 2500 574 2564; x_wconf 82' lang='lat' dir='ltr'><strong>noluerunt</strong></span> <span class='ocrx_word' id='word_1_173' title='bbox 594 2497 662 2580; x_wconf 85' lang='lat' dir='ltr'><strong>uti,</strong></span> <span class='ocrx_word' id='word_1_174' title='bbox 691 2496 868 2582; x_wconf 83' lang='lat' dir='ltr'><strong>quoniam,</strong></span> <span class='ocrx_word' id='word_1_175' title='bbox 898 2523 1000 2585; x_wconf 88' lang='lat' dir='ltr'><strong>quum</strong></span> <span class='ocrx_word' id='word_1_176' title='bbox 1022 2499 1075 2566; x_wconf 85' lang='lat' dir='ltr'><strong>usi</strong></span> <span class='ocrx_word' id='word_1_177' title='bbox 1096 2480 1158 2566; x_wconf 58' lang='lat' dir='ltr'><strong>trs-¹.</strong></span> 
     </span>
     <span class='ocr_line' id='line_1_23' title="bbox 79 2598 1149 2689; baseline 0.002 -24"><span class='ocrx_word' id='word_1_178' title='bbox 79 2614 151 2666; x_wconf 84' lang='lat' dir='ltr'><strong>aent</strong></span> <span class='ocrx_word' id='word_1_179' title='bbox 171 2614 285 2673; x_wconf 82' lang='lat' dir='ltr'><strong>contra</strong></span> <span class='ocrx_word' id='word_1_180' title='bbox 312 2607 415 2665; x_wconf 83' lang='lat' dir='ltr'><strong>uuum</strong></span> <span class='ocrx_word' id='word_1_181' title='bbox 436 2624 480 2664; x_wconf 86' lang='lat' dir='ltr'><strong>ex</strong></span> <span class='ocrx_word' id='word_1_182' title='bbox 510 2598 781 2689; x_wconf 63' lang='lat' dir='ltr'><strong>hypothecariis,x</strong></span> <span class='ocrx_word' id='word_1_183' title='bbox 808 2599 849 2664; x_wconf 84' lang='lat' dir='ltr'><strong>ab</strong></span> <span class='ocrx_word' id='word_1_184' title='bbox 871 2600 935 2665; x_wconf 87' lang='lat' dir='ltr'><strong>hoc</strong></span> <span class='ocrx_word' id='word_1_185' title='bbox 956 2600 992 2665; x_wconf 91' lang='lat' dir='ltr'><strong>in</strong></span> <span class='ocrx_word' id='word_1_186' title='bbox 1013 2599 1066 2685; x_wconf 82' lang='lat' dir='ltr'><strong>jus</strong></span> <span class='ocrx_word' id='word_1_187' title='bbox 1086 2624 1149 2667; x_wconf 90' lang='lat' dir='ltr'><strong>vo·</strong></span> 
     </span>
    </p>

    <p class='ocr_par' dir='ltr' id='par_1_6' title="bbox 73 2697 1266 3401">
     <span class='ocr_line' id='line_1_24' title="bbox 73 2697 1149 2789; baseline 0.001 -23"><span class='ocrx_word' id='word_1_188' title='bbox 73 2701 144 2767; x_wconf 85' lang='lat' dir='ltr'><strong>-oati</strong></span> <span class='ocrx_word' id='word_1_189' title='bbox 165 2716 198 2768; x_wconf 88' lang='lat' dir='ltr'><strong>et</strong></span> <span class='ocrx_word' id='word_1_190' title='bbox 218 2701 436 2789; x_wconf 84' lang='lat' dir='ltr'><strong>quadraginta</strong></span> <span class='ocrx_word' id='word_1_191' title='bbox 467 2700 566 2766; x_wconf 81' lang='lat' dir='ltr'><strong>minis</strong></span> <span class='ocrx_word' id='word_1_192' title='bbox 587 2700 736 2765; x_wconf 84' lang='lat' dir='ltr'><strong>mulctati</strong></span> <span class='ocrx_word' id='word_1_193' title='bbox 759 2713 863 2766; x_wconf 88' lang='lat' dir='ltr'><strong>erant.</strong></span> <span class='ocrx_word' id='word_1_194' title='bbox 909 2697 1046 2767; x_wconf 80' lang='lat' dir='ltr'><strong>Scilicet</strong></span> <span class='ocrx_word' id='word_1_195' title='bbox 1066 2702 1149 2768; x_wconf 79' lang='lat' dir='ltr'><strong>hoec</strong></span> 
     </span>
     <span class='ocr_line' id='line_1_25' title="bbox 79 2801 1148 2890; baseline 0.001 -21"><span class='ocrx_word' id='word_1_196' title='bbox 79 2816 150 2869; x_wconf 83' lang='lat' dir='ltr'><strong>eret</strong></span> <span class='ocrx_word' id='word_1_197' title='bbox 171 2802 351 2885; x_wconf 50' lang='grc' dir='ltr'><strong>,ἒπωβελίοῃ</strong></span> <span class='ocrx_word' id='word_1_198' title='bbox 394 2801 480 2868; x_wconf 85' lang='lat' dir='ltr'><strong>actio</strong></span> <span class='ocrx_word' id='word_1_199' title='bbox 512 2817 622 2868; x_wconf 86' lang='lat' dir='ltr'><strong>autem</strong></span> <span class='ocrx_word' id='word_1_200' title='bbox 649 2801 692 2866; x_wconf 90' lang='lat' dir='ltr'><strong>ab</strong></span> <span class='ocrx_word' id='word_1_201' title='bbox 720 2801 958 2890; x_wconf 85' lang='lat' dir='ltr'><strong>hypothecario</strong></span> <span class='ocrx_word' id='word_1_202' title='bbox 988 2801 1148 2870; x_wconf 73' lang='lat' dir='ltr'><strong>adversus</strong></span> 
     </span>
     <span class='ocr_line' id='line_1_26' title="bbox 78 2900 1147 2994; baseline 0.004 -26"><span class='ocrx_word' id='word_1_203' title='bbox 78 2900 168 2993; x_wconf 86' lang='lat' dir='ltr'><strong>ipaos</strong></span> <span class='ocrx_word' id='word_1_204' title='bbox 188 2920 323 2994; x_wconf 86' lang='lat' dir='ltr'><strong>propter</strong></span> <span class='ocrx_word' id='word_1_205' title='bbox 349 2904 444 2970; x_wconf 86' lang='lat' dir='ltr'><strong>illam</strong></span> <span class='ocrx_word' id='word_1_206' title='bbox 472 2902 626 2988; x_wconf 72' lang='grc' dir='ltr'><strong>ἐξαγωγὴν</strong></span> <span class='ocrx_word' id='word_1_207' title='bbox 646 2903 796 2970; x_wconf 86' lang='lat' dir='ltr'><strong>instituta</strong></span> <span class='ocrx_word' id='word_1_208' title='bbox 819 2916 891 2968; x_wconf 89' lang='lat' dir='ltr'><strong>erat</strong></span> <span class='ocrx_word' id='word_1_209' title='bbox 911 2900 1048 2986; x_wconf 74' lang='grc' dir='ltr'><strong>ἐξούλης.</strong></span> <span class='ocrx_word' id='word_1_210' title='bbox 1091 2902 1147 2973; x_wconf 81' lang='lat' dir='ltr'><strong>Gs.</strong></span> 
     </span>
     <span class='ocr_line' id='line_1_27' title="bbox 78 3004 1146 3096; baseline 0.002 -26"><span class='ocrx_word' id='word_1_211' title='bbox 78 3004 120 3071; x_wconf 90' lang='lat' dir='ltr'><strong>de</strong></span> <span class='ocrx_word' id='word_1_212' title='bbox 140 3007 213 3072; x_wconf 67' lang='lat' dir='ltr'><strong>ord:</strong></span> <span class='ocrx_word' id='word_1_213' title='bbox 244 3006 319 3096; x_wconf 71' lang='lat' dir='ltr'><strong>jud:</strong></span> <span class='ocrx_word' id='word_1_214' title='bbox 346 3032 380 3095; x_wconf 86' lang='lat' dir='ltr'><strong>p.</strong></span> <span class='ocrx_word' id='word_1_215' title='bbox 402 3004 467 3072; x_wconf 88' lang='grc'><strong>492</strong></span> <span class='ocrx_word' id='word_1_216' title='bbox 499 3022 531 3072; x_wconf 90' lang='lat' dir='ltr'><strong>et</strong></span> <span class='ocrx_word' id='word_1_217' title='bbox 550 3005 627 3089; x_wconf 76' lang='lat'><strong>486,</strong></span> <span class='ocrx_word' id='word_1_218' title='bbox 659 3020 690 3071; x_wconf 91' lang='lat' dir='ltr'><strong>et</strong></span> <span class='ocrx_word' id='word_1_219' title='bbox 712 3006 751 3070; x_wconf 89' lang='lat' dir='ltr'><strong>de</strong></span> <span class='ocrx_word' id='word_1_220' title='bbox 773 3004 922 3094; x_wconf 87' lang='lat' dir='ltr'><strong>epobelia</strong></span> <span class='ocrx_word' id='word_1_221' title='bbox 944 3005 991 3073; x_wconf 87' lang='lat' dir='ltr'><strong>ib.</strong></span> <span class='ocrx_word' id='word_1_222' title='bbox 1014 3030 1047 3094; x_wconf 85' lang='lat' dir='ltr'><strong>p.</strong></span> <span class='ocrx_word' id='word_1_223' title='bbox 1069 3008 1146 3093; x_wconf 78' lang='lat'><strong>733,</strong></span> 
     </span>
     <span class='ocr_line' id='line_1_28' title="bbox 76 3104 1266 3198; baseline 0.004 -26"><span class='ocrx_word' id='word_1_224' title='bbox 76 3106 136 3172; x_wconf 91' lang='lat' dir='ltr'><strong>nbi</strong></span> <span class='ocrx_word' id='word_1_225' title='bbox 163 3107 263 3198; x_wconf 83' lang='lat' dir='ltr'><strong>hujus</strong></span> <span class='ocrx_word' id='word_1_226' title='bbox 288 3109 355 3174; x_wconf 79' lang='lat' dir='ltr'><strong>toci</strong></span> <span class='ocrx_word' id='word_1_227' title='bbox 383 3131 512 3173; x_wconf 91' lang='lat' dir='ltr'><strong>memor</strong></span> <span class='ocrx_word' id='word_1_228' title='bbox 543 3130 613 3174; x_wconf 84' lang='lat' dir='ltr'><strong>esse</strong></span> <span class='ocrx_word' id='word_1_229' title='bbox 636 3107 806 3172; x_wconf 83' lang='lat' dir='ltr'><strong>debebam.</strong></span> <span class='ocrx_word' id='word_1_230' title='bbox 828 3145 873 3157; x_wconf 87' lang='lat'><strong>—-</strong></span> <span class='ocrx_word' id='word_1_231' title='bbox 893 3108 1042 3173; x_wconf 82' lang='grc' dir='ltr'><strong><em>Μικίωνα</em></strong></span> <span class='ocrx_word' id='word_1_232' title='bbox 1062 3108 1147 3175; x_wconf 80' lang='lat' dir='ltr'><strong>ecri-</strong></span> <span class='ocrx_word' id='word_1_233' title='bbox 1175 3138 1177 3143; x_wconf 53' lang='lat'><strong>⁴</strong></span> <span class='ocrx_word' id='word_1_234' title='bbox 1251 3104 1266 3177; x_wconf 51' lang='lat'><strong>¹.</strong></span> 
     </span>
     <span class='ocr_line' id='line_1_29' title="bbox 76 3208 1148 3300; baseline 0.004 -26"><span class='ocrx_word' id='word_1_235' title='bbox 76 3209 222 3275; x_wconf 88' lang='lat' dir='ltr'><strong>bendum</strong></span> <span class='ocrx_word' id='word_1_236' title='bbox 241 3209 356 3298; x_wconf 83' lang='lat' dir='ltr'><strong>putavi</strong></span> <span class='ocrx_word' id='word_1_237' title='bbox 376 3233 436 3299; x_wconf 89' lang='lat' dir='ltr'><strong>pro</strong></span> <span class='ocrx_word' id='word_1_238' title='bbox 448 3209 615 3293; x_wconf 78' lang='grc' dir='ltr'>Μηκίωνα.</span> <span class='ocrx_word' id='word_1_239' title='bbox 660 3208 770 3294; x_wconf 81' lang='lat' dir='ltr'><strong>Quam</strong></span> <span class='ocrx_word' id='word_1_240' title='bbox 790 3209 890 3274; x_wconf 83' lang='lat' dir='ltr'><strong>facile</strong></span> <span class='ocrx_word' id='word_1_241' title='bbox 911 3211 993 3292; x_wconf 81' lang='lat' dir='ltr'><strong>been</strong></span> <span class='ocrx_word' id='word_1_242' title='bbox 1012 3235 1148 3300; x_wconf 81' lang='lat' dir='ltr'><strong>permu-</strong></span> 
     </span>
     <span class='ocr_line' id='line_1_30' title="bbox 76 3309 1146 3401; baseline 0.003 -24"><span class='ocrx_word' id='word_1_243' title='bbox 76 3310 144 3377; x_wconf 77' lang='lat' dir='ltr'><strong>tari</strong></span> <span class='ocrx_word' id='word_1_244' title='bbox 155 3310 323 3400; x_wconf 87' lang='lat' dir='ltr'><strong>potuerint</strong></span> <span class='ocrx_word' id='word_1_245' title='bbox 335 3326 484 3400; x_wconf 81' lang='lat' dir='ltr'><strong>apparet,</strong></span> <span class='ocrx_word' id='word_1_246' title='bbox 506 3327 539 3377; x_wconf 90' lang='lat' dir='ltr'><strong>et</strong></span> <span class='ocrx_word' id='word_1_247' title='bbox 559 3311 596 3376; x_wconf 90' lang='lat' dir='ltr'><strong>in</strong></span> <span class='ocrx_word' id='word_1_248' title='bbox 614 3326 697 3377; x_wconf 83' lang='lat' dir='ltr'><strong>orat.</strong></span> <span class='ocrx_word' id='word_1_249' title='bbox 720 3326 781 3376; x_wconf 84' lang='lat' dir='ltr'><strong>ctr.</strong></span> <span class='ocrx_word' id='word_1_250' title='bbox 794 3309 978 3379; x_wconf 84' lang='lat' dir='ltr'><strong>Theocrin.</strong></span> <span class='ocrx_word' id='word_1_251' title='bbox 1000 3337 1033 3401; x_wconf 83' lang='lat' dir='ltr'><strong>p.</strong></span> <span class='ocrx_word' id='word_1_252' title='bbox 1049 3313 1146 3397; x_wconf 83' lang='grc'><strong>1323,</strong></span> 
     </span>
    </p>
   </div>
   <div class='ocr_carea' id='block_1_5' title="bbox 71 3490 1247 4197">
    <p class='ocr_par' dir='ltr' id='par_1_7' title="bbox 74 3490 1147 3689">
     <span class='ocr_line' id='line_1_31' title="bbox 74 3490 1147 3585; baseline 0.004 -22"><span class='ocrx_word' id='word_1_253' title='bbox 74 3497 120 3563; x_wconf 81' lang='grc'><strong>13</strong></span> <span class='ocrx_word' id='word_1_254' title='bbox 143 3519 206 3585; x_wconf 82' lang='lat' dir='ltr'><strong>pro</strong></span> <span class='ocrx_word' id='word_1_255' title='bbox 226 3498 387 3573; x_wconf 73' lang='grc' dir='ltr'><strong>Μικίωνος</strong></span> <span class='ocrx_word' id='word_1_256' title='bbox 406 3496 444 3564; x_wconf 89' lang='lat' dir='ltr'><strong>in</strong></span> <span class='ocrx_word' id='word_1_257' title='bbox 465 3497 538 3564; x_wconf 87' lang='lat' dir='ltr'><strong>cod.</strong></span> <span class='ocrx_word' id='word_1_258' title='bbox 560 3496 686 3567; x_wconf 73' lang='lat' dir='ltr'><strong>Bauer.</strong></span> <span class='ocrx_word' id='word_1_259' title='bbox 709 3511 759 3564; x_wconf 87' lang='lat' dir='ltr'><strong>eat</strong></span> <span class='ocrx_word' id='word_1_260' title='bbox 778 3490 938 3574; x_wconf 79' lang='grc' dir='ltr'>Μικωνος.</span> <span class='ocrx_word' id='word_1_261' title='bbox 992 3496 1147 3567; x_wconf 76' lang='lat' dir='ltr'><strong>ceterum</strong></span> 
     </span>
     <span class='ocr_line' id='line_1_32' title="bbox 75 3596 786 3689; baseline -0.001 -24"><span class='ocrx_word' id='word_1_262' title='bbox 75 3599 165 3665; x_wconf 81' lang='lat' dir='ltr'><strong>conf.</strong></span> <span class='ocrx_word' id='word_1_263' title='bbox 188 3596 298 3664; x_wconf 84' lang='lat' dir='ltr'><strong>Koen.</strong></span> <span class='ocrx_word' id='word_1_264' title='bbox 322 3599 362 3663; x_wconf 91' lang='lat' dir='ltr'><strong>ad</strong></span> <span class='ocrx_word' id='word_1_265' title='bbox 386 3599 526 3686; x_wconf 81' lang='lat' dir='ltr'><strong>Gregor.</strong></span> <span class='ocrx_word' id='word_1_266' title='bbox 551 3597 630 3665; x_wconf 82' lang='lat' dir='ltr'><strong>Gor.</strong></span> <span class='ocrx_word' id='word_1_267' title='bbox 653 3625 688 3689; x_wconf 91' lang='lat' dir='ltr'><strong>p.</strong></span> <span class='ocrx_word' id='word_1_268' title='bbox 709 3600 786 3665; x_wconf 87' lang='grc'><strong>282.</strong></span> 
     </span>
    </p>

    <p class='ocr_par' dir='ltr' id='par_1_8' title="bbox 71 3696 1247 4197">
     <span class='ocr_line' id='line_1_33' title="bbox 162 3696 1145 3789; baseline 0.004 -26"><span class='ocrx_word' id='word_1_269' title='bbox 162 3697 339 3785; x_wconf 81' lang='grc' dir='ltr'>φάσκοντος</span> <span class='ocrx_word' id='word_1_270' title='bbox 367 3698 412 3786; x_wconf 66' lang='grc' dir='ltr'><strong>μὴ</strong></span> <span class='ocrx_word' id='word_1_271' title='bbox 433 3696 624 3781; x_wconf 69' lang='grc' dir='ltr'>βεβαιώσειν.</span> <span class='ocrx_word' id='word_1_272' title='bbox 666 3700 806 3788; x_wconf 84' lang='lat' dir='ltr'><strong>Negatio</strong></span> <span class='ocrx_word' id='word_1_273' title='bbox 826 3701 926 3789; x_wconf 81' lang='lat' dir='ltr'><strong>plano</strong></span> <span class='ocrx_word' id='word_1_274' title='bbox 947 3700 1145 3787; x_wconf 76' lang='lat' dir='ltr'><strong>necessaria,</strong></span> 
     </span>
     <span class='ocr_line' id='line_1_34' title="bbox 72 3800 1247 3895; baseline 0.001 -27"><span class='ocrx_word' id='word_1_275' title='bbox 72 3824 182 3888; x_wconf 82' lang='lat' dir='ltr'><strong>neque</strong></span> <span class='ocrx_word' id='word_1_276' title='bbox 204 3800 342 3869; x_wconf 82' lang='lat' dir='ltr'><strong>debebat</strong></span> <span class='ocrx_word' id='word_1_277' title='bbox 372 3826 392 3867; x_wconf 90' lang='lat' dir='ltr'><strong>a</strong></span> <span class='ocrx_word' id='word_1_278' title='bbox 411 3800 572 3868; x_wconf 85' lang='lat' dir='ltr'><strong>Bekkero</strong></span> <span class='ocrx_word' id='word_1_279' title='bbox 604 3802 735 3868; x_wconf 89' lang='lat' dir='ltr'><strong>uncinis</strong></span> <span class='ocrx_word' id='word_1_280' title='bbox 756 3802 897 3868; x_wconf 85' lang='lat' dir='ltr'><strong>includi.</strong></span> <span class='ocrx_word' id='word_1_281' title='bbox 941 3801 1147 3872; x_wconf 77' lang='lat' dir='ltr'><strong>Promiseret</strong></span> <span class='ocrx_word' id='word_1_282' title='bbox 1180 3804 1203 3895; x_wconf 22' lang='lat'><strong>¹.</strong></span> <span class='ocrx_word' id='word_1_283' title='bbox 1244 3844 1247 3853; x_wconf 93' lang='lat'>·</span> 
     </span>
     <span class='ocr_line' id='line_1_35' title="bbox 71 3901 1145 3988; baseline 0 -16"><span class='ocrx_word' id='word_1_284' title='bbox 71 3901 316 3988; x_wconf 79' lang='lat' dir='ltr'><strong>Dicaeogenes,</strong></span> <span class='ocrx_word' id='word_1_285' title='bbox 344 3927 379 3969; x_wconf 86' lang='lat' dir='ltr'><strong>se</strong></span> <span class='ocrx_word' id='word_1_286' title='bbox 393 3902 531 3970; x_wconf 88' lang='lat' dir='ltr'><strong>Micioni</strong></span> <span class='ocrx_word' id='word_1_287' title='bbox 553 3904 780 3971; x_wconf 88' lang='lat' dir='ltr'><strong>auctoritatem</strong></span> <span class='ocrx_word' id='word_1_288' title='bbox 802 3915 917 3968; x_wconf 82' lang='lat' dir='ltr'><strong>contra</strong></span> <span class='ocrx_word' id='word_1_289' title='bbox 937 3902 1145 3973; x_wconf 73' lang='lat' dir='ltr'><strong>adversarios</strong></span> 
     </span>
     <span class='ocr_line' id='line_1_36' title="bbox 72 4002 1145 4094; baseline 0.002 -23"><span class='ocrx_word' id='word_1_290' title='bbox 72 4028 146 4071; x_wconf 91' lang='lat' dir='ltr'><strong>non</strong></span> <span class='ocrx_word' id='word_1_291' title='bbox 171 4005 425 4093; x_wconf 80' lang='lat' dir='ltr'><strong>praestiturum,</strong></span> <span class='ocrx_word' id='word_1_292' title='bbox 459 4021 626 4073; x_wconf 83' lang='lat' dir='ltr'><strong>ettamen</strong></span> <span class='ocrx_word' id='word_1_293' title='bbox 653 4020 764 4094; x_wconf 80' lang='lat' dir='ltr'><strong>postea</strong></span> <span class='ocrx_word' id='word_1_294' title='bbox 792 4003 967 4093; x_wconf 80' lang='lat' dir='ltr'><strong>praestitit.</strong></span> <span class='ocrx_word' id='word_1_295' title='bbox 1009 4002 1065 4073; x_wconf 88' lang='lat' dir='ltr'><strong>Do</strong></span> <span class='ocrx_word' id='word_1_296' title='bbox 1090 4011 1145 4086; x_wconf 79' lang='grc' dir='ltr'><strong>βε-</strong></span> 
     </span>
     <span class='ocr_line' id='line_1_37' title="bbox 71 4102 874 4197; baseline 0.004 -25"><span class='ocrx_word' id='word_1_297' title='bbox 71 4102 205 4187; x_wconf 80' lang='grc' dir='ltr'>βαιώσει</span> <span class='ocrx_word' id='word_1_298' title='bbox 225 4107 295 4173; x_wconf 88' lang='lat' dir='ltr'><strong>vid.</strong></span> <span class='ocrx_word' id='word_1_299' title='bbox 320 4105 361 4171; x_wconf 91' lang='lat' dir='ltr'><strong>de</strong></span> <span class='ocrx_word' id='word_1_300' title='bbox 384 4107 456 4173; x_wconf 87' lang='lat' dir='ltr'><strong>ord.</strong></span> <span class='ocrx_word' id='word_1_301' title='bbox 478 4105 549 4197; x_wconf 85' lang='lat' dir='ltr'><strong>jud.</strong></span> <span class='ocrx_word' id='word_1_302' title='bbox 571 4130 605 4196; x_wconf 82' lang='lat' dir='ltr'><strong>p.</strong></span> <span class='ocrx_word' id='word_1_303' title='bbox 628 4108 693 4173; x_wconf 80' lang='grc'><strong>526</strong></span> <span class='ocrx_word' id='word_1_304' title='bbox 713 4130 784 4194; x_wconf 80' lang='lat' dir='ltr'><strong>sqq.</strong></span> <span class='ocrx_word' id='word_1_305' title='bbox 871 4169 874 4175; x_wconf 91' lang='lat'>.</span> 
     </span>
    </p>
   </div>
   <div class='ocr_carea' id='block_1_6' title="bbox 0 0 1320 4800">
    <p class='ocr_par' dir='ltr' id='par_1_9' title="bbox 0 0 1320 4800">
     <span class='ocr_line' id='line_1_38' title="bbox 0 0 1320 4800; baseline 0 1"><span class='ocrx_word' id='word_1_306' title='bbox 0 0 1320 4800; x_wconf 95' lang='lat' dir='ltr'><strong> </strong></span> 
     </span>
    </p>
   </div>
  </div>
 </body>
</html>
