2632 4800
212 336 276 406 on
296 335 608 407 Αοοοοοοοιο
626 318 948 411 οσοοοιτοτο.
1044 296 1114 412 ὀτι

82 512 111 573 tc'
138 506 186 573 ita
213 507 373 598 scriptum
402 532 471 575 eece
492 508 602 575 credo.
645 507 776 575 lronice
803 525 913 576 antem
935 511 977 577 ad
997 511 1119 578 τοτ’τοιν
1145 494 1148 505 ’

82 634 111 677 ιο
140 610 274 676 additur
303 612 402 696 φίλων
432 607 547 689 ὄντων,
580 635 681 698 quum
713 633 752 676 re
784 634 866 678 vera
892 612 1118 680 inimicissimi

82 727 165 779 tant.
187 748 231 763 -
256 712 313 779 Ad
344 709 508 796 ἐποιήσατο
537 736 556 778 a
583 711 690 801 priori
721 714 871 779 membro
901 716 1116 803 repetendum

82 812 163 882 τάν.
208 811 344 881 Scilicet
356 815 420 880 hoc
437 838 566 901 qnoque
587 814 799 907 hypothetice
815 814 939 881 dictum
961 828 1026 893 eat,
1049 840 1115 882 non

82 914 157 983 inne
179 940 278 1002 quam
307 915 392 981 illud
424 918 457 980 τί
481 917 602 997 βέλτιον
630 912 669 981 ἀν
696 915 843 1001 ἔπραξεν,
875 916 1116 1001 quidsaceret?

82 1016 254 1104 loptaretne
274 1018 408 1102 aliquem
428 1043 474 1083 ec·
493 1018 617 1085 illorum
637 1019 763 1083 liberor
802 1015 932 1084 Similis
953 1019 1045 1084 locus
1068 1033 1117 1083 est

82 1121 132 1185 tud
145 1120 413 1187 Demosthenem
440 1134 500 1186 ctr.
524 1122 663 1188 Onetor.
686 1119 722 1188 ll
749 1145 782 1209 p.
804 1121 880 1200 878,
903 1120 964 1186 12:
999 1120 1025 1183 εἰ
1044 1116 1114 1183 τότ’

82 1216 134 1309 ἀτῷ
152 1244 199 1297 τις
229 1221 340 1287 ἔδωκεν
368 1218 517 1303 ὀμόσαντι
537 1263 581 1277 -
601 1223 795 1304 κομίσασθαι
818 1218 889 1306 (τὴν
909 1218 1057 1309 προῖκα),
1085 1246 1114 1286 τι

82 1323 189 1407 rolpoto
210 1321 270 1405 ἀντ
300 1322 320 1406 ἢ
342 1324 437 1407 δῆλον
458 1323 506 1389 ὅτι
528 1322 648 1406 ὤμοσεν
655 1351 666 1406 3
693 1326 723 1387 ai
741 1325 808 1408 ιμιίσ
828 1324 860 1387 ei
874 1323 1061 1408 poemiulrcet
1081 1336 1117 1386 ut

82 1426 253 1512 νςὶιταπάο
274 1427 377 1491 dotem
397 1440 613 1511 recuperaret,
644 1426 723 1510 prid
737 1425 892 1509 ficiunt?
921 1425 1044 1510 Nempe
1054 1422 1115 1508 ju·

81 1541 156 1596 raet.
201 1526 397 1617 Schael'erus
412 1529 453 1593 ad
475 1529 509 1594 h.
530 1529 555 1594 l.
579 1529 825 1613 ,‚peroellem,“
846 1525 909 1610 ait,
935 1527 1015 1609 „cic
1035 1526 1114 1590 νοντ’-

81 1636 150 1696 ltm:
180 1627 201 1713 ἢ
230 1631 324 1714 δῆλον
345 1627 392 1694 ὅτι
415 1628 534 1711 ὤμοσεν
560 1628 610 1696 ἀν.
623 1632 648 1670 “
690 1627 756 1696 Sed
778 1628 898 1697 sufficit
917 1628 1114 1717 particulam

81 1730 221 1817 »gitanda
241 1746 402 1820 repetere.
445 1732 530 1797 Item
551 1731 636 1820 apud
650 1728 780 1797 leaeum
803 1731 843 1796 dc
859 1729 975 1796 Ciron.
997 1729 1112 1795 hored.

81 1834 165 1900 ‚2⁰2
197 1831 242 1915 μὴ
264 1830 367 1897 οἴεσθ’
390 1830 447 1911 ἀν,
477 1835 503 1897 εἰ
523 1831 652 1916 τοιαάτη
672 1857 718 1908 τις
737 1825 777 1917 ἦν
797 1830 817 1916 ἡ
838 1828 940 1916 μήτηρ
961 1825 1049 1913 ἡμῶν
1059 1863 1113 1909 ·-,

81 1927 122 2016 lt'
144 1933 183 1999 ἂν
210 1933 266 1999 τὸν
292 1933 413 2020 πατέρα
434 1932 522 2018 ἡμῶν
548 1932 666 2018 γάμους
687 1931 791 1999 ἱστιᾶν
811 1971 854 1984 -
875 1931 954 1998 ἀλλά
976 1930 1115 2016 ἀποκρύ-

81 2040 175 2100 οισθαι
192 2040 293 2100 ταῦτα
309 2032 431 2118 πάντα,
453 2034 530 2120 μήτε
549 2036 606 2112 τὰς
629 2042 690 2102 τῶν
714 2036 817 2103 ἀλλων
838 2037 984 2119 δημοτῶν
1007 2042 1114 2118 γοναῖ-

81 2158 105 2212 ις
125 2137 284 2223 αἱρεῖσθαι
315 2138 354 2203 ἀν
376 2138 473 2222 αὐτὴν
494 2179 537 2190 -
558 2137 629 2203 ἀλλ’
652 2136 741 2226 ἑτέρη
762 2137 801 2203 ἀν
827 2162 886 2203 τινι
906 2137 975 2219 περὶ
994 2132 1114 2202 τούτων

83 2239 230 2324 ιτρέπειν,
269 2235 346 2324 μήτε
375 2239 448 2315 τοὺς
472 2239 641 2327 1φράτορας
669 2240 861 2321 εῗσάέχεσθαι
890 2237 994 2321 ἡμᾶς,
1032 2236 1112 2302 ἀλλὰ

81 2350 223 2427 τηγορεῖν
243 2378 303 2422 -,
336 2344 376 2408 ad
405 2339 671 2428 ἀποκρύψασθαι,
701 2341 907 2422 εἰσδέχεσθαι,
934 2348 1113 2425 κατηγορεῖν

81 2442 161 2508 dem
187 2443 262 2533 jure
292 2444 369 2509 addi
401 2445 538 2509 debebat
565 2443 747 2533 particula,
778 2466 842 2529 quo
864 2441 976 2507 addita
1002 2456 1050 2508 est
1070 2441 1113 2507 ad

81 2548 169 2622 τεᾶν,
204 2543 380 2630 αἱρεῖσθαι,
418 2544 606 2627 ἐπιτρέπειν,
640 2559 672 2610 et
693 2569 795 2630 quum
821 2567 890 2608 non
916 2543 1029 2607 addita
1056 2543 1112 2626 sit,

81 2644 243 2733 gitatione
265 2662 375 2713 tamen
396 2648 571 2736 repetenda
590 2660 649 2711 eet.
694 2643 780 2711 Sunt
797 2643 887 2709 enim
905 2644 1112 2709 haecomnia

81 2746 168 2813 riter
189 2748 399 2838 hypothetice
415 2749 521 2831 diota,
553 2747 759 2836 pendentque
773 2747 814 2810 ab
831 2745 945 2810 eadem
966 2744 1025 2810 illa
1045 2746 1112 2836 hy·

82 2846 187 2916 theti:
216 2851 243 2913 εἶ
262 2847 389 2933 τοιαύτη
411 2874 457 2925 τις
476 2841 515 2933 ἦν
535 2846 555 2933 ἡ
576 2845 680 2933 μήτηρ
700 2845 800 2930 ἡμῶν.

129 2949 168 3037 ᾗ.
190 2952 244 3017 35.
273 2950 308 3026 ὃς
327 2950 367 3017 td
389 2950 466 3017 ὄντα
488 2951 639 3037 ἀφανίσαι
660 2949 796 3031 ἔμελλον.
840 2946 938 3032 Quod
960 2945 1042 3013 olim
1061 2949 1111 3013 la-

81 3053 184 3117 batur
209 3051 332 3137 ἀφιέναι
364 3062 433 3119 tam
462 3069 509 3119 est
535 3051 709 3118 manifesto
736 3064 946 3137 corruptum,
975 3061 1013 3114 ut
1039 3073 1112 3114 cer·

84 3153 207 3219 simam
235 3154 387 3220 Bekkeri
416 3154 678 3221 emendationem
705 3153 863 3218 asciscere
890 3175 960 3216 nou
980 3151 1111 3216 dubita·

82 3254 165 3320 rim.
205 3252 375 3340 Ἀφανέζειν
396 3255 436 3320 ccl
459 3255 535 3321 ἀντα
545 3303 556 3335 ,
587 3255 639 3320 cui
654 3254 841 3344 oppositum
861 3268 910 3318 cot
931 3251 1050 3337 φανεροὶ
1070 3252 1110 3316 τὰ

80 3376 120 3421 τοι
143 3354 333 3421 καθιστάναι
361 3358 399 3444 §.
422 3359 476 3442 39,
507 3358 536 3424 is
558 3357 696 3437 dicitur,
728 3357 784 3443 qui
814 3376 933 3442 agros,
964 3352 1113 3419 aedilicia

80 3459 176 3544 laque
203 3456 383 3546 ejusmodi,
412 3483 494 3544 quae
523 3483 623 3545 quum
651 3458 800 3524 omnium
830 3455 934 3522 oculis
963 3451 1113 3543 exposite

80 3572 128 3638 rt,
164 3558 282 3645 φανεροὶ
313 3559 404 3625 οὐσία
440 3575 619 3641 vocantur,
658 3559 807 3633 divendit
835 3574 866 3622 et
897 3580 973 3623 cum
1003 3554 1119 3641 ἀφανεῖ

80 3660 136 3747 alp
162 3676 337 3749 permutat.
381 3661 432 3729 lta
461 3661 550 3728 enim
580 3661 717 3750 pecunia
745 3661 929 3748 appellatur
949 3681 1032 3743 qnae
1057 3680 1113 3722 oc·

80 3761 164 3827 ‚lteri
194 3764 288 3828 nnllo
316 3763 449 3851 negotio
481 3779 598 3853 potest.
643 3762 730 3827 Illud
759 3760 863 3842 igitur
885 3782 919 3823 se
948 3758 1114 3823 facturum

79 3887 115 3929 ee
129 3879 245 3948 negat3
269 3864 476 3931 adversarios
488 3865 523 3930 in
537 3863 672 3929 alterins
687 3862 777 3926 illine
791 3858 989 3948 Apollodori
1005 3857 1113 3940 bonis,

80 3988 187 4030 rorum
208 3966 346 4030 heredes
367 3966 446 4031 sacti
461 3981 570 4048 erant,
599 3965 716 4029 fecisse
736 3961 943 4026 criminatur.
987 3958 1115 4025 Vendi·
1197 3964 1201 3972 ’

80 4079 138 4130 rat
167 4067 256 4132 enim
287 4065 455 4154 Pronapes
483 4064 682 4154 Apollodori
716 4061 850 4152 praedia
881 4060 932 4147 (ᾧ.
962 4059 1016 4126 31.
1043 4058 1114 4144 42.)

80 4166 226 4253 ribusqne
248 4168 316 4234 cuis
335 4167 549 4234 dissimulatis
562 4167 720 4250 exiguam
738 4178 865 4229 tantum
887 4163 923 4235 in
944 4183 1045 4229 censu
1057 4184 1117 4250 pe·

80 4267 176 4335 niam
208 4271 439 4360 profitebatur,
472 4293 537 4355 quo
566 4267 697 4334 facilins
718 4265 1012 4431 poblio34mnncra
1038 4262 1116 4327 eub-
