2632 4800
318 296 383 368 οιι
397 298 583 374 ,ιιιιιιιιι
602 298 925 383 ιιιιιιριιιιιι.
1093 306 1159 372 ια
1265 247 1271 269 ’

162 470 201 589 5.
225 471 278 537 18.
300 471 354 534 καὶ
375 466 488 535 τούτου
509 469 717 587 ἐκμαρτυρίαν
738 505 782 519 ·-
803 469 1005 556 παρέσχοντο.
1055 470 1103 540 Η.
1126 497 1158 543 ο.

76 596 150 641 nou
168 573 281 661 ipsum
295 570 489 664 Pyretidem
510 587 627 637 testem
641 570 679 647 in
695 569 819 662 judicio
839 572 1079 660 produxerunt,
1100 575 1158 640 sed

73 675 208 741 tabulas
219 689 361 757 tautum,
383 672 522 760 quibus
511 672 678 777 inscripta
684 685 799 755 erant,
813 673 1020 758 quasillum,
1038 674 1159 763 quippe

62 791 135 843 'aut
148 790 319 861 aegrotum
332 790 387 840 aut
402 798 538 863 peregre
548 759 786 863 profecturum,
801 788 837 839 ut
847 773 959 840 adesse
975 774 1092 863 judicii
1103 777 1159 843 die
1188 802 1202 817 ··

75 901 149 943 non
168 892 297 967 posset,
324 876 412 943 intra
428 876 568 964 parietes
582 874 731 963 ipsorum
747 889 866 958 rogatu
885 897 946 962 pro
968 877 1158 944 testimonio

64 980 264 1068 ‚professum
291 1001 361 1044 esse
384 977 548 1059 dicerent,
579 976 766 1063 etquidem
788 998 902 1057 eoram
923 976 1050 1042 duobus
1071 979 1157 1045 ami·

74 1081 146 1164 eis,
172 1079 339 1169 Dionysio
361 1094 394 1144 et
415 1078 629 1155 Aristoloobo
654 1077 706 1165 (5.
729 1078 800 1162 23),
828 1078 885 1164 qui
907 1091 940 1157 et
960 1076 1025 1165 ipsi
1046 1077 1083 1145 in
1103 1079 1158 1169 ju·

79 1182 170 1248 dicio
191 1182 328 1247 aderant
350 1195 380 1245 et
391 1178 585 1271 Pyretidem
606 1201 641 1244 ee
659 1177 868 1261 audientibus
890 1177 1158 1266 illaprofessum

63 1307 152 1351 esse
169 1283 395 1365 testabantur.
426 1281 533 1363 Haeo
553 1292 600 1345 est
622 1280 713 1361 enim
738 1284 802 1344 τῶν
823 1279 1034 1365 ἐκμαρτιριῶο
1055 1281 1156 1350 ιαιίο.

77 1382 134 1453 (if.
157 1366 198 1450 de
228 1384 298 1450 ord.
330 1383 400 1472 jud.
429 1407 478 1471 ρ.
484 1383 561 1448 670.
607 1370 697 1466 Quid
726 1380 770 1448 sit
790 1379 1001 1463 ἀναδέχεσθαι
1026 1380 1084 1465 τὴν
1105 1384 1157 1447 ιὀι-
1199 1464 1202 1469 ,

72 1487 274 1572 μαρτρρίαο,
297 1500 337 1551 et
360 1506 426 1574 per
454 1502 490 1549 se
520 1482 600 1551 satis
627 1483 837 1572 perspicuum
860 1499 924 1568 est,
953 1498 986 1549 et
1007 1484 1155 1574 explica
1164 1556 1171 1567 t

73 1602 140 1654 tur
154 1586 203 1663 ibj.
192 1613 258 1676 .ρ.
282 1588 357 1655 671.

163 1688 211 1776 53.
226 1689 278 1757 to.
301 1689 348 1765 ἐπὶ
371 1684 546 1772 προδήλοις
566 1682 700 1772 πράξεις.
742 1685 789 1761 Η,
806 1710 836 1753 e.
850 1708 935 1775 quae
956 1711 1023 1774 non
1044 1686 1154 1756 subito

76 1804 108 1858 et
76 1790 367 1880 einexpectatae
398 1776 566 1856 1nc1dunt
558 1832 571 1871 ,
608 1789 664 1853 sed
697 1813 777 1875 quas
807 1787 1046 1878 praevidimus
1101 1788 1155 1857 lta

67 1889 232 1977 Ιπρόδηλος
261 1892 386 1979 legitur
406 1893 506 1956 etiam
534 1913 584 1956 οι.
608 1889 652 1957 da
671 1888 816 1957 Philoct.
839 1891 913 1957 ber.
936 1889 973 1977 5.
996 1893 1038 1958 2·
1073 1916 1153 1976 προ-

75 1991 226 2076 δήλων
208 2016 307 2071 οντων
337 1998 399 2056 τῶν
426 1988 592 2059 κιοδυοωο.
614 2007 647 2057 et
677 1993 718 2058 de
738 1991 897 2081 Apollod.
920 1993 994 2063 her.
1028 1992 1066 2080 5.
1090 1994 1152 2060 31:

77 2095 180 2182 ἐκείνῳ
203 2095 238 2159 δὲ
258 2093 413 2178 πρόδηλον
433 2085 490 2177 ἦν,
523 2093 571 2160 ὅτι
591 2131 636 2144 -
656 2093 778 2179 ’ἔρημοι
793 2090 912 2176 ποιήσει
932 2091 989 2159 aba
1009 2090 1153 2161 οἶκον.-

77 2194 116 2272 dc
133 2199 184 2261 δεῖ
196 2197 275 2279 μετὰ
292 2194 461 2282 μαρτύριον
476 2195 620 2280 γενέσθαι
634 2218 697 2284 pro
712 2194 751 2271 ἃς
766 2193 806 2259 ἂν
819 2195 873 2281 δέῃ
884 2221 921 2276 μ.
941 2221 977 2278 μ.
996 2195 1152 2280 γενέσθαι.

68 2299 132 2374 ,sed
161 2298 380 2379 indicativum
408 2298 509 2363 etiam
536 2297 573 2363 in
603 2298 663 2363 tali
685 2285 933 2375 enunciatione,
971 2321 1056 2383 quae
1074 2297 1154 2364 uui·

75 2423 211 2477 versum
240 2423 344 2486 genus
375 2399 510 2479 definit,
543 2415 631 2464 recte
662 2414 693 2465 et
720 2422 740 2465 a
763 2399 898 2468 Graecis
926 2412 959 2464 et
981 2421 1000 2463 a
1020 2398 1152 2473 Latinis
1194 2418 1197 2425 ·

75 2499 230 2590 usurpari
262 2524 361 2567 nemo
394 2501 538 2585 ignorat.
604 2498 760 2567 Ceterum
789 2500 878 2566 nihil
908 2500 977 2565 fere
1012 2502 1151 2586 negotii,

76 2598 175 2689 quod'
188 2601 321 2689 quidem
344 2601 484 2691 alicujus
506 2602 667 2668 momenti
689 2616 790 2685 esset,
828 2601 900 2668 sine
928 2601 1065 2668 testibus
1092 2626 1152 2689 ge·

75 2705 229 2786 rebatur,
260 2704 397 2789 quibus,
428 2702 609 2789 siquando
640 2724 721 2792 opus
743 2718 844 2786 esset,
875 2701 1056 2794 injudicio
1080 2719 1151 2771 ute·

75 2819 202 2871 rentur.
245 2804 325 2871 Vid.
349 2805 389 2869 de
411 2804 484 2871 ord.
506 2802 577 2893 judss
608 2828 641 2892 p„
663 2803 728 2870 665
749 2827 799 2889 sq.
844 2802 972 2889 Quodsi
993 2804 1072 2890 quid
1093 2830 1151 2873 su·

74 2905 136 2972 biti
164 2904 351 2985 incidisset,
388 2929 599 2992 quoscunque
630 2929 723 2971 casus
752 2906 936 2987 obtulerat,
972 2919 1068 2974 testes
1089 2909 1150 2975 ad·

74 3007 219 3075 vocandi
248 3024 358 3090 erant;
387 3009 450 3073 boo
480 3007 571 3072 enim
601 3021 650 3073 est
669 3002 833 3091 μάρτυρας
853 3012 1033 3086 ποιεῖσθαι,
1061 3011 1149 3096 quod

75 3107 175 3174 etiam
199 3106 419 3195 μαρτύρεσθαι
449 3108 592 3191 dieitur3
627 3132 709 3194 quae
740 3104 849 3173 autem
877 3104 1020 3193 πρόδηλα
1042 3127 1148 3196 erant,

73 3209 126 3277 bis
160 3211 259 3276 amici
287 3212 495 3300 potissimum
523 3226 556 3275 et
584 3225 746 3299 spectatae
766 3209 941 3298 probitatis
961 3211 1030 3279 viri
1051 3227 1149 3279 testes

57 3310 328 3393 adhibebantur.
344 3352 388 3363 —
410 3313 494 3379 Mox
511 3336 572 3402 pro
593 3312 717 3378 {braetot
738 3312 915 3401 conjecerit
935 3304 1056 3400 aliquis
1077 3309 1148 3377 ἑκά-

74 3435 179 3487 στοις.
216 3414 272 3478 sed
300 3416 470 3501 vulgatam
499 3438 627 3502 quoque
654 3413 832 3482 lectionem
858 3413 944 3482 ferri
972 3438 1067 3503 possa
1088 3436 1156 3504 ap·-

114 3529 178 3581 ret.

72 3537 113 3605 μ
159 3615 197 3703 5.
219 3617 274 3682 20.
307 3615 354 3680 ἐπὶ
374 3615 431 3698 μὲν
452 3625 522 3692 ταῖς
540 3617 727 3704 μαρτυρίαις
748 3615 869 3695 αὐτοις.
911 3618 989 3702 Ipsa
1009 3617 1148 3691 tertiano-

71 3717 149 3797 nia,
179 3739 262 3804 quae
282 3717 415 3807 proprie
437 3717 610 3803 dicuntur,
641 3744 742 3806 quum
763 3717 875 3785 illos
862 3741 971 3808 1psos,
1009 3717 1067 3804 qui
1088 3743 1148 3786 ou-

71 3817 189 3908 jnsque
209 3818 261 3883 rei
287 3819 411 3886 conscii
432 3835 532 3904 sunt,
559 3835 655 3887 testes
676 3820 907 3909 producimus,
937 3835 1148 3908 opponuntur

70 3929 141 3997 τοῖς
162 3920 381 4006 ἓκμαρτορίαις
403 3922 438 3986 b.
462 3945 492 3987 e.
516 3944 633 3988 eorum
653 3920 873 4004 testimoniis,
905 3920 962 4007 qui
982 3920 1047 4011 ipsi
1067 3945 1147 4011 pro.-

71 4021 151 4088 duei
177 4044 246 4087 non
276 4035 464 4109 potuerunt.
528 4022 676 4112 Apparet
705 4021 811 4108 igitur
841 4022 935 4087 nulla
965 4024 1147 4091 verborum

71 4122 330 4212 transpositione
360 4145 441 4211 opus
472 4145 566 4208 esse,
598 4146 703 4209 neque
731 4122 932 4189 audiendum
954 4121 1144 4212 Reiskium,

67 4224 126 4293 eui
152 4221 235 4293 baeu
261 4224 308 4290 ita
337 4223 511 4292 scribenda
538 4223 759 4293 videbantur:
798 4223 848 4289 ἐπὶ
876 4224 933 4309 μὲν
963 4234 1034 4303 ταῖς
1059 4251 1145 4311 μαρ-
