2632 4800
201 282 203 287 ’
285 268 1030 389 ’1111011011011111111111111111
1135 316 1201 385 sos

121 472 201 543 adv.
223 474 358 566 Aphob.
381 503 415 568 p.
438 477 514 565 844,
544 483 602 547 122
632 478 723 566 ἔγωγε
750 470 929 549 κατώκνουν
957 483 998 548 ἂν
1023 472 1081 569 τήν
1102 484 1200 569 ἐμαυ-

121 581 180 643 τοῦ
200 574 323 661 ἡλικίαν
345 578 634 666 καταμεμφόμενος.
832 622 836 629 *
1140 576 1144 581 ¹

209 679 313 745 eaeor
339 683 383 756 sic
408 680 466 764 τὴν
493 681 570 765 ἐμὴν
590 680 727 768 ’μητέρα
771 683 898 752 Rarum
918 688 1008 752 1111110
1029 687 1200 775 praeposi·

120 779 226 847 tionis
250 804 349 848 usum
379 784 464 871 apud
492 783 621 851 Atticos
653 809 722 851 esse
750 804 848 852 nemo
876 803 993 873 nega13
1025 789 1199 855 nonnullis

119 897 236 948 tamen
261 883 344 950 locis
372 885 524 950 codicum
560 910 721 953 consensu
755 890 935 976 probatur,
972 912 1052 976 quos
1084 913 1199 955 omues

119 998 294 1073 corruptos
323 985 433 1051 dicere
460 986 536 1054 vide
565 1011 607 1053 ne
635 989 848 1055 temerarium
877 990 938 1073 sit,
970 1013 1074 1077 quum
1101 1014 1200 1078 prae·

118 1084 239 1151 sertim
266 1086 351 1152 ratio
384 1088 477 1152 nulla
510 1090 664 1179 exputari
692 1090 812 1178 possit,
849 1093 916 1156 'cur
946 1090 1077 1158 Atticos
1109 1093 1199 1157 solos

117 1187 213 1254 hunc
238 1210 337 1253 usum
367 1204 555 1255 constanter
580 1191 744 1281 sprevisse
774 1192 964 1276 credamus,
996 1192 1088 1283 cujus
1111 1192 1197 1281 apud

118 1301 248 1355 ceteros
278 1288 422 1357 Graecos
452 1306 503 1356 sat
530 1294 636 1357 multa
664 1307 741 1359 sunt
774 1295 950 1382 exempla,
987 1294 1027 1359 de
1056 1317 1198 1379 quorum

117 1387 260 1458 veritate
281 1391 541 1460 nemodubitet.
585 1393 798 1481 Sequeudum
824 1395 930 1481 igitur
950 1395 1064 1483 putavi
1086 1393 1197 1461 Reizii

118 1490 216 1559 0111.
244 1491 290 1559 A.
315 1492 436 1560 Wolfii
466 1493 628 1586 judicium
657 1497 699 1560 de
722 1509 847 1561 accent.
870 1488 987 1562 inclin.
1017 1521 1052 1584 p.
1076 1499 1119 1563 56
1148 1519 1197 1581 sq.

100 1594 208 1681 :quod
236 1594 337 1660 etiam
363 1595 573 1663 Bernhardio
600 1596 736 1685 probari
767 1596 865 1664 video
888 1593 1032 1687 Syntax.
1063 1621 1097 1686 p.
1119 1595 1194 1665 214.

115 1693 200 1762 215.
244 1693 342 1763 Gonf.
364 1697 526 1765 Herodot.
548 1695 585 1763 11
592 1744 603 1781 ,
628 1698 790 1766 1210011.
819 1699 886 1777 ,109
917 1713 949 1764 01
972 1700 1053 1784 120,
1084 1699 1196 1785 ibique

114 1794 340 1886 wesseling.
364 1814 396 1865 et
431 1798 627 1885 Schweigh.
663 1799 809 1889 Appian.
844 1799 1018 1870 Macedon.
1056 1826 1090 1890 p.
1117 1802 1195 1871 530.

116 1894 254 1990 Syriae.
279 1923 313 1988 p.
337 1900 412 1967 ⁵39.
436 1903 512 1969 616.
535 1901 688 1968 Mithrid.
705 1925 744 1990 p.
767 1899 843 1969 648.

204 2005 311 2080 λαβεῖν
338 2000 451 2085 ἠξίωσέ
476 2029 515 2086 με
541 2002 622 2072 vida.
663 2003 739 2070 Non
760 2028 824 2090 quo
846 2028 905 2093 per
925 2004 1017 2097 leges
1038 2003 1197 2087 adrogari

115 2101 247 2186 lilium,
277 2102 306 2168 si
334 2105 468 2189 quidem
489 2105 558 2194 ipse
579 2106 693 2188 vellet,
720 2129 790 2172 non
810 2105 960 2185 licuerit,
992 2104 1058 2171 uisi
1079 2105 1196 2193 matris

117 2227 305 2282 consensu,
328 2206 383 2271 sed
399 2205 475 2291 quia
489 2207 578 2271 hunc
597 2231 723 2293 quoque
737 2207 863 2293 requiri
874 2206 1091 2274 humanitatis
1111 2220 1195 2273 erat.

206 2311 241 2387 ς.
266 2306 317 2372 15.
349 2306 450 2389 ἐπειδὴ
478 2303 639 2393 Θαργήλια
667 2300 716 2390 ἦν.
760 2307 873 2393 Quum
896 2308 1082 2395 Thargclia
1109 2306 1196 2373 inci-

117 2406 263 2492 dissent,
297 2407 390 2497 cujus
411 2408 488 2473 sesti
514 2409 705 2474 celebrandi
726 2432 823 2475 causa
851 2425 1031 2476 conventus
1054 2433 1073 2474 a
1093 2410 1195 2498 phra-

118 2509 248 2577 toribus
271 2523 302 2575 ct
323 2508 504 2596 gentilibus
525 2511 729 2597 agebantur,
758 2510 821 2576 hac
841 2509 901 2575 ille
923 2510 1094 2576 occasione
1115 2535 1195 2577 usus

119 2625 171 2677 est
200 2627 237 2676 ut
266 2610 492 2701 recipiendum
526 2627 657 2677 curaret
686 2606 796 2677 lilium
829 2610 1033 2701 adoptivum.
1095 2609 1193 2681 Cous.

118 2711 269 2780 Platner.
293 2710 447 2804 Symbol.
471 2712 511 2778 ad
533 2712 562 2780 I.
584 2711 630 2780 Α.
651 2738 687 2801 p.
709 2714 784 2781 150·
1091 2718 1092 2722 ’

208 2815 250 2889 εἷς
261 2811 336 2889 τοὺς
350 2812 537 2899 paredasque
547 2816 598 2879 καὶ
609 2811 780 2901 φράτορας.
802 2811 853 2879 Ita
864 2827 894 2878 et
905 2811 961 2878 hic
972 2827 1004 2878 et
1013 2814 1125 2901 paullo
1140 2812 1195 2878 in·

118 2915 174 2982 fra
184 2915 342 3002 loquitur,
358 2935 392 2982 ut
403 2916 576 3005 conjuncta
589 2932 727 3003 utraque
737 2915 911 3005 inscriptio
923 2916 1103 3001 eodemque
1115 2938 1195 2980 con·

118 3030 236 3096 ventu,
258 3017 293 3082 iu
308 3040 372 3104 quo
387 3034 419 3084 et
428 3019 566 3106 gentiles
577 3034 683 3085 esseut
693 3032 724 3083 et
738 3019 923 3107 phratores,
944 3016 1195 3105 peractavideri

119 3118 249 3185 debeat.
272 3116 374 3206 ldque
386 3121 431 3187 ita
442 3120 544 3186 fuisse
554 3142 622 3186 non
634 3120 758 3204 dubito,
772 3142 877 3206 neque
891 3118 1052 3185 assentior
1058 3117 1194 3186 Platns-

118 3242 173 3303 ro,
196 3218 252 3305 qui
267 3222 436 3308 antiquam
454 3222 680 3312 phratriarum
695 3222 908 3309 gentiumque
926 3219 1194 3313 conjunctionem

119 3344 142 3388 a
159 3319 331 3388 0110111οα0
352 3324 517 3389 sublatam
540 3347 609 3391 esse
626 3324 758 3405 statuit,
781 3324 828 3390 ita
842 3322 951 3389 uthae
965 3344 1032 3388 non
1048 3318 1193 3412 amplius
1309 3328 1313 3337 '

118 3421 193 3489 illis
221 3423 468 3490 continerentur
498 3448 677 3513 earumque
704 3441 813 3516 partes
835 3439 955 3491 essent.
999 3424 1083 3491 Nam
1106 3422 1193 3509 quod

117 3548 356 3614 saepenumero
377 3526 414 3591 in
435 3527 601 3616 phratrias
620 3527 747 3615 aliquos
768 3527 945 3617 inscriptos
967 3549 1035 3591 esse
1057 3538 1194 3590 narrant

118 3641 271 3694 oratores
287 3628 379 3693 nulla
397 3628 548 3713 gentium
563 3630 730 3696 mentione
747 3629 880 3712 addita,
908 3628 942 3692 id
963 3649 1037 3692 meo
1059 3626 1193 3712 quidem

117 3727 245 3823 judicio
268 3753 334 3796 non
357 3752 396 3796 eo
416 3733 529 3796 valere
550 3746 678 3820 potest,
700 3744 737 3796 ut
757 3732 867 3796 nullas
887 3730 922 3795 in
944 3728 1014 3793 illis
1035 3727 1193 3816 phratriis

118 3844 236 3919 gentes
267 3831 370 3898 fuisse
392 3831 586 3917 credamus,
618 3833 674 3897 sed
703 3848 829 3897 utnon
851 3853 985 3913 omncs,
1014 3829 1070 3915 qui
1090 3831 1194 3917 phra-

118 3942 211 3999 'tores
231 3934 347 3997 fierent
356 3980 369 4013 ,
397 3934 549 4019 gentibus
568 3957 696 4020 quoque
711 3932 890 4020 adscriptos
907 3954 978 3997 esse
998 3927 1191 3997 statuamus.

116 4032 207 4101 Nam
235 4033 273 4099 in
302 4035 468 4123 phratrias
489 4035 621 4122 quidem
648 4034 755 4100 aditus
777 4033 953 4115 omnibus,
982 4030 1192 4119 quiquidem

84 4198 88 4209 ,
118 4133 218 4223 justis
247 4134 371 4202 civium
398 4137 522 4226 nuptiis
553 4136 716 4226 procreati
738 4150 863 4217 essent,
898 4132 998 4200 etiam
1019 4133 1192 4222 adscripti·

119 4236 249 4303 ciorum
270 4236 405 4321 liberis,
435 4238 578 4328 patuisse
597 4237 732 4308 videtur
752 4235 836 4324 (rid.
858 4234 1007 4305 Plstner.
1036 4232 1191 4326 Symbol.
1298 4294 1302 4301 .
