<?xml version="1.0" encoding="UTF-8"?>
<!DOCTYPE html PUBLIC "-//W3C//DTD XHTML 1.0 Transitional//EN"
    "http://www.w3.org/TR/xhtml1/DTD/xhtml1-transitional.dtd">
<html xmlns="http://www.w3.org/1999/xhtml" xml:lang="en" lang="en">
 <head>
  <title>
</title>
<meta http-equiv="Content-Type" content="text/html;charset=utf-8" />
  <meta name='ocr-system' content='tesseract 3.04.00' />
  <meta name='ocr-capabilities' content='ocr_page ocr_carea ocr_par ocr_line ocrx_word'/>
</head>
<body>
  <div class='ocr_page' id='page_1' title='image "./isaeiorationesx00isaegoog_0201.png"; bbox 0 0 2632 4800; ppageno 0'>
   <div class='ocr_carea' id='block_1_1' title="bbox 191 285 894 358">
    <p class='ocr_par' dir='ltr' id='par_1_1' title="bbox 191 285 894 358">
     <span class='ocr_line' id='line_1_1' title="bbox 191 285 894 358; baseline -0.001 -1"><span class='ocrx_word' id='word_1_1' title='bbox 191 291 254 358; x_wconf 87' lang='grc'><strong>180</strong></span> <span class='ocrx_word' id='word_1_2' title='bbox 316 288 321 299; x_wconf 90' lang='grc'>’</span> <span class='ocrx_word' id='word_1_3' title='bbox 541 287 591 357; x_wconf 88' lang='grc' dir='ltr'><strong>ΙΝ</strong></span> <span class='ocrx_word' id='word_1_4' title='bbox 612 285 894 357; x_wconf 76' lang='lat' dir='ltr'><strong>oufflottsn</strong></span> 
     </span>
    </p>
   </div>
   <div class='ocr_carea' id='block_1_2' title="bbox 189 452 1267 949">
    <p class='ocr_par' dir='ltr' id='par_1_2' title="bbox 189 452 1267 847">
     <span class='ocr_line' id='line_1_2' title="bbox 189 452 1267 546; baseline -0.003 -24"><span class='ocrx_word' id='word_1_5' title='bbox 189 480 243 523; x_wconf 82' lang='lat' dir='ltr'><strong>res</strong></span> <span class='ocrx_word' id='word_1_6' title='bbox 262 455 334 545; x_wconf 83' lang='lat' dir='ltr'><strong>ipsa</strong></span> <span class='ocrx_word' id='word_1_7' title='bbox 351 452 564 521; x_wconf 79' lang='lat' dir='ltr'><strong>menifestum</strong></span> <span class='ocrx_word' id='word_1_8' title='bbox 576 454 669 522; x_wconf 82' lang='lat' dir='ltr'><strong>fecit.</strong></span> <span class='ocrx_word' id='word_1_9' title='bbox 689 512 692 517; x_wconf 70' lang='grc'><strong>,</strong></span> <span class='ocrx_word' id='word_1_10' title='bbox 712 453 861 546; x_wconf 76' lang='lat' dir='ltr'><strong>Apparet</strong></span> <span class='ocrx_word' id='word_1_11' title='bbox 881 455 986 541; x_wconf 78' lang='lat' dir='ltr'><strong>igitur</strong></span> <span class='ocrx_word' id='word_1_12' title='bbox 1002 478 1115 524; x_wconf 83' lang='lat' dir='ltr'><strong>errare</strong></span> <span class='ocrx_word' id='word_1_13' title='bbox 1128 452 1267 521; x_wconf 83' lang='lat' dir='ltr'><strong>Pls&#39;tne-</strong></span> 
     </span>
     <span class='ocr_line' id='line_1_3' title="bbox 189 554 1265 645; baseline -0.003 -21"><span class='ocrx_word' id='word_1_14' title='bbox 189 583 265 624; x_wconf 91' lang='lat' dir='ltr'><strong>rum</strong></span> <span class='ocrx_word' id='word_1_15' title='bbox 287 557 328 622; x_wconf 78' lang='lat' dir='ltr'><strong>de</strong></span> <span class='ocrx_word' id='word_1_16' title='bbox 348 556 401 623; x_wconf 93' lang='lat' dir='ltr'><strong>lit.</strong></span> <span class='ocrx_word' id='word_1_17' title='bbox 423 572 456 622; x_wconf 90' lang='lat' dir='ltr'><strong>et</strong></span> <span class='ocrx_word' id='word_1_18' title='bbox 479 571 542 624; x_wconf 88' lang='lat' dir='ltr'><strong>ect.</strong></span> <span class='ocrx_word' id='word_1_19' title='bbox 566 556 638 643; x_wconf 85' lang='lat' dir='ltr'><strong>(der</strong></span> <span class='ocrx_word' id='word_1_20' title='bbox 659 558 755 623; x_wconf 84' lang='lat' dir='ltr'><strong>Proc.</strong></span> <span class='ocrx_word' id='word_1_21' title='bbox 780 581 813 622; x_wconf 87' lang='grc' dir='ltr'><strong>ιι.</strong></span> <span class='ocrx_word' id='word_1_22' title='bbox 835 557 1038 641; x_wconf 64' lang='grc' dir='ltr'><strong>6.-Κ1αςεπ)</strong></span> <span class='ocrx_word' id='word_1_23' title='bbox 1060 554 1109 624; x_wconf 94' lang='lat' dir='ltr'><strong>ll.</strong></span> <span class='ocrx_word' id='word_1_24' title='bbox 1134 582 1168 645; x_wconf 92' lang='lat' dir='ltr'><strong>p.</strong></span> <span class='ocrx_word' id='word_1_25' title='bbox 1185 555 1265 640; x_wconf 86' lang='grc'><strong>319,</strong></span> 
     </span>
     <span class='ocr_line' id='line_1_4' title="bbox 191 655 1266 748; baseline -0.002 -24"><span class='ocrx_word' id='word_1_26' title='bbox 191 683 291 744; x_wconf 90' lang='lat' dir='ltr'><strong>quum</strong></span> <span class='ocrx_word' id='word_1_27' title='bbox 314 655 493 748; x_wconf 75' lang='lat' dir='ltr'><strong>Cleonymi</strong></span> <span class='ocrx_word' id='word_1_28' title='bbox 516 657 733 724; x_wconf 73' lang='lat' dir='ltr'><strong>hereditatem</strong></span> <span class='ocrx_word' id='word_1_29' title='bbox 754 681 800 722; x_wconf 78' lang='grc' dir='ltr'><strong>εκ·</strong></span> <span class='ocrx_word' id='word_1_30' title='bbox 815 658 907 746; x_wconf 72' lang='lat' dir='ltr'><strong>fidei</strong></span> <span class='ocrx_word' id='word_1_31' title='bbox 924 660 1080 723; x_wconf 76' lang='lat' dir='ltr'><strong>cornmisso</strong></span> <span class='ocrx_word' id='word_1_32' title='bbox 1100 657 1168 747; x_wconf 87' lang='lat' dir='ltr'><strong>peti</strong></span> <span class='ocrx_word' id='word_1_33' title='bbox 1184 655 1266 747; x_wconf 64' lang='lat' dir='ltr'><strong>vopi·</strong></span> 
     </span>
     <span class='ocr_line' id='line_1_5' title="bbox 190 750 1261 847; baseline 0.001 -23"><span class='ocrx_word' id='word_1_34' title='bbox 190 776 301 825; x_wconf 84' lang='lat' dir='ltr'><strong>netnr.</strong></span> <span class='ocrx_word' id='word_1_35' title='bbox 345 757 481 825; x_wconf 79' lang='lat' dir='ltr'><strong>Rectius</strong></span> <span class='ocrx_word' id='word_1_36' title='bbox 503 758 602 824; x_wconf 80' lang='lat' dir='ltr'><strong>sentit</strong></span> <span class='ocrx_word' id='word_1_37' title='bbox 622 758 770 825; x_wconf 88' lang='lat' dir='ltr'><strong>Bunsen.</strong></span> <span class='ocrx_word' id='word_1_38' title='bbox 793 784 826 847; x_wconf 91' lang='lat' dir='ltr'><strong>p.</strong></span> <span class='ocrx_word' id='word_1_39' title='bbox 849 760 962 845; x_wconf 65' lang='lat' dir='ltr'><strong>bouq.</strong></span> <span class='ocrx_word' id='word_1_40' title='bbox 1258 750 1261 761; x_wconf 54' lang='lat'>⁵</span> 
     </span>
    </p>

    <p class='ocr_par' dir='ltr' id='par_1_3' title="bbox 275 857 1266 949">
     <span class='ocr_line' id='line_1_6' title="bbox 275 857 1266 949; baseline -0.001 -24"><span class='ocrx_word' id='word_1_41' title='bbox 275 859 360 947; x_wconf 67' lang='lat' dir='ltr'><strong>§.tn</strong></span> <span class='ocrx_word' id='word_1_42' title='bbox 383 857 437 934; x_wconf 74' lang='grc' dir='ltr'><strong>οῗς</strong></span> <span class='ocrx_word' id='word_1_43' title='bbox 458 857 529 924; x_wconf 76' lang='grc' dir='ltr'><strong>οὐδ’</strong></span> <span class='ocrx_word' id='word_1_44' title='bbox 553 857 731 941; x_wconf 73' lang='grc' dir='ltr'><strong>ἀμύνεσθαι</strong></span> <span class='ocrx_word' id='word_1_45' title='bbox 752 866 855 936; x_wconf 83' lang='grc' dir='ltr'><strong>καλῶς</strong></span> <span class='ocrx_word' id='word_1_46' title='bbox 875 858 943 942; x_wconf 63' lang='grc' dir='ltr'><strong>ἔχει.</strong></span> <span class='ocrx_word' id='word_1_47' title='bbox 987 859 1138 949; x_wconf 84' lang='lat' dir='ltr'><strong>Quippe,</strong></span> <span class='ocrx_word' id='word_1_48' title='bbox 1158 874 1196 924; x_wconf 90' lang='lat' dir='ltr'><strong>ut</strong></span> <span class='ocrx_word' id='word_1_49' title='bbox 1213 873 1266 925; x_wconf 90' lang='lat' dir='ltr'><strong>est</strong></span> 
     </span>
    </p>
   </div>
   <div class='ocr_carea' id='block_1_3' title="bbox 94 958 1264 1457">
    <p class='ocr_par' dir='ltr' id='par_1_4' title="bbox 94 958 1264 1250">
     <span class='ocr_line' id='line_1_7' title="bbox 190 958 1264 1052; baseline -0.002 -25"><span class='ocrx_word' id='word_1_50' title='bbox 190 961 275 1050; x_wconf 81' lang='lat' dir='ltr'><strong>apud</strong></span> <span class='ocrx_word' id='word_1_51' title='bbox 296 959 435 1052; x_wconf 80' lang='lat' dir='ltr'><strong>Lysiam</strong></span> <span class='ocrx_word' id='word_1_52' title='bbox 462 961 501 1026; x_wconf 85' lang='lat' dir='ltr'><strong>in</strong></span> <span class='ocrx_word' id='word_1_53' title='bbox 521 960 650 1051; x_wconf 84' lang='lat' dir='ltr'><strong>Diogit.</strong></span> <span class='ocrx_word' id='word_1_54' title='bbox 682 986 716 1049; x_wconf 88' lang='lat' dir='ltr'><strong>p.</strong></span> <span class='ocrx_word' id='word_1_55' title='bbox 738 961 821 1044; x_wconf 88' lang='grc'><strong>893,</strong></span> <span class='ocrx_word' id='word_1_56' title='bbox 851 960 889 1027; x_wconf 79' lang='grc' dir='ltr'><strong>οὗ</strong></span> <span class='ocrx_word' id='word_1_57' title='bbox 909 958 1004 1043; x_wconf 89' lang='grc' dir='ltr'><strong>μόνον</strong></span> <span class='ocrx_word' id='word_1_58' title='bbox 1033 960 1064 1026; x_wconf 79' lang='grc' dir='ltr'><strong>οἳ</strong></span> <span class='ocrx_word' id='word_1_59' title='bbox 1084 959 1264 1036; x_wconf 67' lang='grc' dir='ltr'><strong><em>ἀδικοῦντες</em></strong></span> 
     </span>
     <span class='ocr_line' id='line_1_8' title="bbox 184 1057 1263 1155; baseline -0.001 -28"><span class='ocrx_word' id='word_1_60' title='bbox 184 1063 306 1148; x_wconf 73' lang='grc' dir='ltr'><strong>χείρους</strong></span> <span class='ocrx_word' id='word_1_61' title='bbox 327 1057 404 1126; x_wconf 71' lang='grc' dir='ltr'><strong>εἶναι</strong></span> <span class='ocrx_word' id='word_1_62' title='bbox 421 1063 584 1142; x_wconf 82' lang='grc' dir='ltr'><strong>δοκοῦσιν,</strong></span> <span class='ocrx_word' id='word_1_63' title='bbox 606 1060 684 1126; x_wconf 79' lang='grc' dir='ltr'><strong>ἀλλὰ</strong></span> <span class='ocrx_word' id='word_1_64' title='bbox 707 1062 759 1126; x_wconf 73' lang='grc' dir='ltr'><strong>καὶ</strong></span> <span class='ocrx_word' id='word_1_65' title='bbox 781 1062 888 1138; x_wconf 68' lang='grc' dir='ltr'><strong>οἵτινες</strong></span> <span class='ocrx_word' id='word_1_66' title='bbox 909 1061 946 1127; x_wconf 86' lang='grc' dir='ltr'><strong>ἀν</strong></span> <span class='ocrx_word' id='word_1_67' title='bbox 967 1061 1096 1127; x_wconf 77' lang='grc' dir='ltr'><strong>ἔλαττον</strong></span> <span class='ocrx_word' id='word_1_68' title='bbox 1115 1058 1175 1128; x_wconf 76' lang='grc' dir='ltr'><strong>ἀπὸ</strong></span> <span class='ocrx_word' id='word_1_69' title='bbox 1198 1066 1263 1155; x_wconf 61' lang='grc' dir='ltr'><strong>κῶν</strong></span> 
     </span>
     <span class='ocr_line' id='line_1_9' title="bbox 94 1158 999 1250; baseline 0.001 -23"><span class='ocrx_word' id='word_1_70' title='bbox 94 1204 96 1211; x_wconf 80' lang='grc'><strong><em>·</em></strong></span> <span class='ocrx_word' id='word_1_71' title='bbox 188 1158 409 1250; x_wconf 86' lang='grc' dir='ltr'><strong>προσηκόντων</strong></span> <span class='ocrx_word' id='word_1_72' title='bbox 429 1161 548 1246; x_wconf 59' lang='grc' dir='ltr'><strong>ἔχοντες</strong></span> <span class='ocrx_word' id='word_1_73' title='bbox 569 1162 735 1246; x_wconf 71' lang='grc' dir='ltr'><strong>ἀνέχεσθαι</strong></span> <span class='ocrx_word' id='word_1_74' title='bbox 755 1162 800 1247; x_wconf 80' lang='grc' dir='ltr'><strong>μὴ</strong></span> <span class='ocrx_word' id='word_1_75' title='bbox 822 1160 999 1241; x_wconf 30' lang='grc' dir='ltr'><strong>δύνωνται..-</strong></span> 
     </span>
    </p>

    <p class='ocr_par' dir='ltr' id='par_1_5' title="bbox 186 1262 1261 1457">
     <span class='ocr_line' id='line_1_10' title="bbox 272 1262 1260 1352; baseline -0.001 -22"><span class='ocrx_word' id='word_1_76' title='bbox 272 1265 310 1352; x_wconf 54' lang='grc' dir='ltr'><strong>ᾖ.</strong></span> <span class='ocrx_word' id='word_1_77' title='bbox 333 1268 367 1331; x_wconf 93' lang='grc'><strong>7.</strong></span> <span class='ocrx_word' id='word_1_78' title='bbox 397 1262 471 1339; x_wconf 76' lang='grc' dir='ltr'><strong>νοός</strong></span> <span class='ocrx_word' id='word_1_79' title='bbox 496 1265 607 1350; x_wconf 78' lang='grc' dir='ltr'><strong>φίλους</strong></span> <span class='ocrx_word' id='word_1_80' title='bbox 632 1265 915 1350; x_wconf 74' lang='grc' dir='ltr'><strong>παρακαλέσαντες.</strong></span> <span class='ocrx_word' id='word_1_81' title='bbox 957 1263 1094 1333; x_wconf 83' lang='lat' dir='ltr'><strong>Scilicet</strong></span> <span class='ocrx_word' id='word_1_82' title='bbox 1122 1263 1178 1351; x_wconf 87' lang='lat' dir='ltr'><strong>qui</strong></span> <span class='ocrx_word' id='word_1_83' title='bbox 1200 1286 1260 1329; x_wconf 80' lang='lat' dir='ltr'><strong>eos</strong></span> 
     </span>
     <span class='ocr_line' id='line_1_11' title="bbox 186 1365 1261 1457; baseline -0.005 -22"><span class='ocrx_word' id='word_1_84' title='bbox 186 1368 242 1435; x_wconf 86' lang='lat' dir='ltr'><strong>vel</strong></span> <span class='ocrx_word' id='word_1_85' title='bbox 272 1365 427 1456; x_wconf 76' lang='lat' dir='ltr'><strong>precibus</strong></span> <span class='ocrx_word' id='word_1_86' title='bbox 458 1368 515 1433; x_wconf 86' lang='lat' dir='ltr'><strong>vel</strong></span> <span class='ocrx_word' id='word_1_87' title='bbox 536 1366 731 1433; x_wconf 84' lang='lat' dir='ltr'><strong>auctoritate</strong></span> <span class='ocrx_word' id='word_1_88' title='bbox 762 1390 801 1432; x_wconf 83' lang='lat' dir='ltr'><strong>sc</strong></span> <span class='ocrx_word' id='word_1_89' title='bbox 822 1367 929 1454; x_wconf 82' lang='lat' dir='ltr'><strong>gretia</strong></span> <span class='ocrx_word' id='word_1_90' title='bbox 951 1367 1036 1457; x_wconf 80' lang='lat' dir='ltr'><strong>apud</strong></span> <span class='ocrx_word' id='word_1_91' title='bbox 1058 1365 1182 1456; x_wconf 83' lang='lat' dir='ltr'><strong>judices</strong></span> <span class='ocrx_word' id='word_1_92' title='bbox 1203 1366 1261 1432; x_wconf 85' lang='lat' dir='ltr'><strong>vel</strong></span> 
     </span>
    </p>
   </div>
   <div class='ocr_carea' id='block_1_4' title="bbox 69 1464 1299 1557">
    <p class='ocr_par' dir='ltr' id='par_1_6' title="bbox 69 1464 1299 1557">
     <span class='ocr_line' id='line_1_12' title="bbox 69 1464 1299 1557; baseline -0.002 -24"><span class='ocrx_word' id='word_1_93' title='bbox 69 1508 72 1513; x_wconf 94' lang='lat'><em>-</em></span> <span class='ocrx_word' id='word_1_94' title='bbox 187 1467 388 1534; x_wconf 74' lang='lat' dir='ltr'><strong>testimoniis</strong></span> <span class='ocrx_word' id='word_1_95' title='bbox 410 1467 585 1557; x_wconf 84' lang='lat' dir='ltr'><strong>juvarent,</strong></span> <span class='ocrx_word' id='word_1_96' title='bbox 617 1469 730 1553; x_wconf 81' lang='lat' dir='ltr'><strong>quoles</strong></span> <span class='ocrx_word' id='word_1_97' title='bbox 751 1470 944 1551; x_wconf 79' lang='grc' dir='ltr'><strong>παρακλητοὶ</strong></span> <span class='ocrx_word' id='word_1_98' title='bbox 965 1483 1127 1554; x_wconf 82' lang='lat' dir='ltr'><strong>vocantur</strong></span> <span class='ocrx_word' id='word_1_99' title='bbox 1147 1489 1167 1531; x_wconf 88' lang='lat' dir='ltr'><strong>e</strong></span> <span class='ocrx_word' id='word_1_100' title='bbox 1187 1464 1261 1531; x_wconf 89' lang='lat' dir='ltr'><strong>De·</strong></span> <span class='ocrx_word' id='word_1_101' title='bbox 1297 1469 1299 1472; x_wconf 76' lang='grc'><strong>’</strong></span> 
     </span>
    </p>
   </div>
   <div class='ocr_carea' id='block_1_5' title="bbox 140 1562 1261 2367">
    <p class='ocr_par' dir='ltr' id='par_1_7' title="bbox 143 1562 1261 2041">
     <span class='ocr_line' id='line_1_13' title="bbox 143 1562 1261 1657; baseline -0.005 -21"><span class='ocrx_word' id='word_1_102' title='bbox 143 1623 146 1628; x_wconf 91' lang='lat'><strong>.</strong></span> <span class='ocrx_word' id='word_1_103' title='bbox 165 1644 167 1650; x_wconf 52' lang='grc'><strong>,</strong></span> <span class='ocrx_word' id='word_1_104' title='bbox 187 1570 362 1636; x_wconf 89' lang='lat' dir='ltr'><strong>mosthene</strong></span> <span class='ocrx_word' id='word_1_105' title='bbox 383 1568 424 1635; x_wconf 79' lang='lat' dir='ltr'><strong>de</strong></span> <span class='ocrx_word' id='word_1_106' title='bbox 451 1569 476 1636; x_wconf 85' lang='lat' dir='ltr'><strong>f.</strong></span> <span class='ocrx_word' id='word_1_107' title='bbox 498 1568 525 1635; x_wconf 95' lang='lat' dir='ltr'><strong>l.</strong></span> <span class='ocrx_word' id='word_1_108' title='bbox 552 1594 586 1657; x_wconf 87' lang='lat' dir='ltr'><strong>p.</strong></span> <span class='ocrx_word' id='word_1_109' title='bbox 602 1568 690 1652; x_wconf 77' lang='grc'><strong>341,</strong></span> <span class='ocrx_word' id='word_1_110' title='bbox 713 1570 766 1636; x_wconf 93' lang='grc'><strong>10.</strong></span> <span class='ocrx_word' id='word_1_111' title='bbox 789 1605 833 1619; x_wconf 89' lang='grc'><strong>--</strong></span> <span class='ocrx_word' id='word_1_112' title='bbox 854 1565 989 1656; x_wconf 74' lang='grc' dir='ltr'><strong>ῥήτορος</strong></span> <span class='ocrx_word' id='word_1_113' title='bbox 1017 1562 1261 1654; x_wconf 83' lang='grc' dir='ltr'><strong>παρασκευασό-</strong></span> 
     </span>
     <span class='ocr_line' id='line_1_14' title="bbox 185 1668 1258 1759; baseline 0 -23"><span class='ocrx_word' id='word_1_114' title='bbox 185 1696 289 1752; x_wconf 92' lang='grc' dir='ltr'><strong>μενοι,</strong></span> <span class='ocrx_word' id='word_1_115' title='bbox 323 1670 378 1756; x_wconf 91' lang='lat' dir='ltr'><strong>qui</strong></span> <span class='ocrx_word' id='word_1_116' title='bbox 407 1671 592 1754; x_wconf 71' lang='grc' dir='ltr'><strong>συνηγορίας</strong></span> <span class='ocrx_word' id='word_1_117' title='bbox 620 1668 764 1736; x_wconf 89' lang='lat' dir='ltr'><strong>officium</strong></span> <span class='ocrx_word' id='word_1_118' title='bbox 785 1686 1008 1759; x_wconf 75' lang='lat' dir='ltr'><strong>praestarent,</strong></span> <span class='ocrx_word' id='word_1_119' title='bbox 1038 1671 1078 1736; x_wconf 84' lang='lat' dir='ltr'><strong>de</strong></span> <span class='ocrx_word' id='word_1_120' title='bbox 1100 1693 1165 1757; x_wconf 86' lang='lat' dir='ltr'><strong>qno</strong></span> <span class='ocrx_word' id='word_1_121' title='bbox 1184 1668 1258 1736; x_wconf 78' lang='lat' dir='ltr'><strong>vid.</strong></span> 
     </span>
     <span class='ocr_line' id='line_1_15' title="bbox 187 1768 1259 1861; baseline -0.001 -23"><span class='ocrx_word' id='word_1_122' title='bbox 187 1773 228 1839; x_wconf 83' lang='lat' dir='ltr'><strong>de</strong></span> <span class='ocrx_word' id='word_1_123' title='bbox 250 1771 322 1837; x_wconf 82' lang='lat' dir='ltr'><strong>ord.</strong></span> <span class='ocrx_word' id='word_1_124' title='bbox 344 1769 414 1861; x_wconf 83' lang='lat' dir='ltr'><strong>jud.</strong></span> <span class='ocrx_word' id='word_1_125' title='bbox 437 1796 471 1860; x_wconf 91' lang='lat' dir='ltr'><strong>p.</strong></span> <span class='ocrx_word' id='word_1_126' title='bbox 492 1773 566 1838; x_wconf 90' lang='grc'><strong>708.</strong></span> <span class='ocrx_word' id='word_1_127' title='bbox 587 1809 631 1823; x_wconf 85' lang='lat'><strong>--</strong></span> <span class='ocrx_word' id='word_1_128' title='bbox 647 1769 874 1847; x_wconf 80' lang='grc' dir='ltr'><strong>Ἀπολείποντες</strong></span> <span class='ocrx_word' id='word_1_129' title='bbox 895 1795 963 1837; x_wconf 89' lang='lat' dir='ltr'><strong>non</strong></span> <span class='ocrx_word' id='word_1_130' title='bbox 986 1771 1123 1836; x_wconf 78' lang='lat' dir='ltr'><strong>debebat</strong></span> <span class='ocrx_word' id='word_1_131' title='bbox 1143 1768 1259 1837; x_wconf 76' lang='lat' dir='ltr'><strong>allei-</strong></span> 
     </span>
     <span class='ocr_line' id='line_1_16' title="bbox 185 1864 1260 1962; baseline -0.004 -22"><span class='ocrx_word' id='word_1_132' title='bbox 185 1869 261 1940; x_wconf 81' lang='lat' dir='ltr'><strong>skio</strong></span> <span class='ocrx_word' id='word_1_133' title='bbox 283 1872 329 1938; x_wconf 84' lang='lat' dir='ltr'><strong>-iu</strong></span> <span class='ocrx_word' id='word_1_134' title='bbox 360 1864 561 1948; x_wconf 76' lang='grc' dir='ltr'><strong>ἀπολιπόντες</strong></span> <span class='ocrx_word' id='word_1_135' title='bbox 589 1872 729 1940; x_wconf 82' lang='lat' dir='ltr'><strong>mutari:</strong></span> <span class='ocrx_word' id='word_1_136' title='bbox 769 1888 912 1962; x_wconf 80' lang='lat' dir='ltr'><strong>pergunt</strong></span> <span class='ocrx_word' id='word_1_137' title='bbox 949 1870 1039 1939; x_wconf 83' lang='lat' dir='ltr'><strong>euim</strong></span> <span class='ocrx_word' id='word_1_138' title='bbox 1072 1870 1260 1940; x_wconf 78' lang='lat' dir='ltr'><strong>adversarii</strong></span> 
     </span>
     <span class='ocr_line' id='line_1_17' title="bbox 185 1972 958 2041; baseline 0.001 -1"><span class='ocrx_word' id='word_1_139' title='bbox 185 1973 286 2040; x_wconf 82' lang='lat' dir='ltr'><strong>etiam</strong></span> <span class='ocrx_word' id='word_1_140' title='bbox 306 1999 396 2039; x_wconf 89' lang='lat' dir='ltr'><strong>nuuc</strong></span> <span class='ocrx_word' id='word_1_141' title='bbox 418 1974 573 2041; x_wconf 91' lang='lat' dir='ltr'><strong>omnibus</strong></span> <span class='ocrx_word' id='word_1_142' title='bbox 593 1972 722 2041; x_wconf 86' lang='lat' dir='ltr'><strong>viribus</strong></span> <span class='ocrx_word' id='word_1_143' title='bbox 749 1974 958 2041; x_wconf 83' lang='lat' dir='ltr'><strong>contendere.</strong></span> 
     </span>
    </p>

    <p class='ocr_par' dir='ltr' id='par_1_8' title="bbox 140 2071 1260 2367">
     <span class='ocr_line' id='line_1_18' title="bbox 268 2071 1260 2162; baseline -0.001 -20"><span class='ocrx_word' id='word_1_144' title='bbox 268 2075 306 2162; x_wconf 53' lang='grc' dir='ltr'><strong>ὁ.</strong></span> <span class='ocrx_word' id='word_1_145' title='bbox 324 2077 358 2142; x_wconf 89' lang='grc'><strong>8.</strong></span> <span class='ocrx_word' id='word_1_146' title='bbox 382 2074 458 2141; x_wconf 79' lang='grc' dir='ltr'><strong>ὅθεν</strong></span> <span class='ocrx_word' id='word_1_147' title='bbox 470 2074 503 2139; x_wconf 80' lang='grc' dir='ltr'><strong>δ’</strong></span> <span class='ocrx_word' id='word_1_148' title='bbox 526 2071 613 2158; x_wconf 69' lang='grc' dir='ltr'><strong>οἶμαι</strong></span> <span class='ocrx_word' id='word_1_149' title='bbox 626 2071 750 2158; x_wconf 73' lang='grc' dir='ltr'><strong>τάχιστ’</strong></span> <span class='ocrx_word' id='word_1_150' title='bbox 765 2074 804 2140; x_wconf 86' lang='grc' dir='ltr'><strong>ἀν</strong></span> <span class='ocrx_word' id='word_1_151' title='bbox 823 2071 905 2158; x_wconf 77' lang='grc' dir='ltr'><strong>ἀμᾶς</strong></span> <span class='ocrx_word' id='word_1_152' title='bbox 919 2080 1036 2157; x_wconf 74' lang='grc' dir='ltr'><strong>μαθεῖν</strong></span> <span class='ocrx_word' id='word_1_153' title='bbox 1052 2079 1118 2141; x_wconf 82' lang='grc' dir='ltr'><strong>κτλ.</strong></span> <span class='ocrx_word' id='word_1_154' title='bbox 1160 2072 1260 2141; x_wconf 88' lang='lat' dir='ltr'><strong>Nihil</strong></span> 
     </span>
     <span class='ocr_line' id='line_1_19' title="bbox 140 2175 1260 2267; baseline -0.003 -23"><span class='ocrx_word' id='word_1_155' title='bbox 140 2213 143 2217; x_wconf 44' lang='lat'><strong>⁴</strong></span> <span class='ocrx_word' id='word_1_156' title='bbox 183 2177 269 2267; x_wconf 84' lang='lat' dir='ltr'><strong>upud</strong></span> <span class='ocrx_word' id='word_1_157' title='bbox 287 2191 432 2243; x_wconf 82' lang='lat' dir='ltr'><strong>oratores</strong></span> <span class='ocrx_word' id='word_1_158' title='bbox 454 2177 517 2242; x_wconf 85' lang='lat' dir='ltr'><strong>hac</strong></span> <span class='ocrx_word' id='word_1_159' title='bbox 538 2194 569 2242; x_wconf 89' lang='lat' dir='ltr'><strong>et</strong></span> <span class='ocrx_word' id='word_1_160' title='bbox 592 2177 758 2245; x_wconf 76' lang='lat' dir='ltr'><strong>similibus</strong></span> <span class='ocrx_word' id='word_1_161' title='bbox 779 2178 932 2244; x_wconf 85' lang='lat' dir='ltr'><strong>formulis</strong></span> <span class='ocrx_word' id='word_1_162' title='bbox 952 2175 1174 2263; x_wconf 82' lang='lat' dir='ltr'><strong>frequentius,</strong></span> <span class='ocrx_word' id='word_1_163' title='bbox 1196 2176 1260 2243; x_wconf 89' lang='lat' dir='ltr'><strong>uhi</strong></span> 
     </span>
     <span class='ocr_line' id='line_1_20' title="bbox 182 2275 1260 2367; baseline -0.001 -24"><span class='ocrx_word' id='word_1_164' title='bbox 182 2276 354 2367; x_wconf 87' lang='lat' dir='ltr'><strong>prooemio</strong></span> <span class='ocrx_word' id='word_1_165' title='bbox 376 2278 526 2344; x_wconf 81' lang='lat' dir='ltr'><strong>absoluto</strong></span> <span class='ocrx_word' id='word_1_166' title='bbox 548 2280 589 2345; x_wconf 87' lang='lat' dir='ltr'><strong>sd</strong></span> <span class='ocrx_word' id='word_1_167' title='bbox 616 2279 843 2346; x_wconf 81' lang='lat' dir='ltr'><strong>narrationem</strong></span> <span class='ocrx_word' id='word_1_168' title='bbox 864 2295 1047 2345; x_wconf 84' lang='lat' dir='ltr'><strong>transeunt.</strong></span> <span class='ocrx_word' id='word_1_169' title='bbox 1093 2275 1193 2344; x_wconf 67' lang='lat' dir='ltr'><strong>(loni.</strong></span> <span class='ocrx_word' id='word_1_170' title='bbox 1215 2276 1260 2343; x_wconf 77' lang='lat' dir='ltr'><strong>tle</strong></span> 
     </span>
    </p>
   </div>
   <div class='ocr_carea' id='block_1_6' title="bbox 90 2368 1301 4298">
    <p class='ocr_par' dir='ltr' id='par_1_9' title="bbox 90 2368 1257 2775">
     <span class='ocr_line' id='line_1_21' title="bbox 90 2368 1257 2467; baseline -0.001 -21"><span class='ocrx_word' id='word_1_171' title='bbox 90 2428 92 2432; x_wconf 68' lang='lat'>,</span> <span class='ocrx_word' id='word_1_172' title='bbox 161 2379 371 2446; x_wconf 23' lang='lat' dir='ltr'><strong>&#39;Aristsrch</strong></span> <span class='ocrx_word' id='word_1_173' title='bbox 400 2380 472 2446; x_wconf 88' lang='lat' dir='ltr'><strong>her.</strong></span> <span class='ocrx_word' id='word_1_174' title='bbox 502 2380 540 2467; x_wconf 76' lang='lat'><strong>§.</strong></span> <span class='ocrx_word' id='word_1_175' title='bbox 562 2382 595 2447; x_wconf 87' lang='lat'><strong>3.</strong></span> <span class='ocrx_word' id='word_1_176' title='bbox 625 2368 666 2446; x_wconf 76' lang='lat' dir='ltr'><strong>tle</strong></span> <span class='ocrx_word' id='word_1_177' title='bbox 689 2378 805 2448; x_wconf 70' lang='lat' dir='ltr'><strong>(lirun.</strong></span> <span class='ocrx_word' id='word_1_178' title='bbox 834 2381 906 2447; x_wconf 91' lang='lat' dir='ltr'><strong>her.</strong></span> <span class='ocrx_word' id='word_1_179' title='bbox 928 2380 966 2467; x_wconf 57' lang='grc' dir='ltr'><strong>ὁ.</strong></span> <span class='ocrx_word' id='word_1_180' title='bbox 989 2380 1023 2446; x_wconf 88' lang='grc'><strong>6.</strong></span> <span class='ocrx_word' id='word_1_181' title='bbox 1077 2378 1257 2445; x_wconf 89' lang='lat' dir='ltr'><strong>Demosth.</strong></span> 
     </span>
     <span class='ocr_line' id='line_1_22' title="bbox 182 2480 1257 2573; baseline 0.001 -27"><span class='ocrx_word' id='word_1_182' title='bbox 182 2492 242 2546; x_wconf 80' lang='lat' dir='ltr'><strong>ctr.</strong></span> <span class='ocrx_word' id='word_1_183' title='bbox 271 2480 407 2570; x_wconf 80' lang='lat' dir='ltr'><strong>Aphob.</strong></span> <span class='ocrx_word' id='word_1_184' title='bbox 436 2481 466 2547; x_wconf 96' lang='lat' dir='ltr'><strong>l.</strong></span> <span class='ocrx_word' id='word_1_185' title='bbox 494 2506 528 2571; x_wconf 96' lang='lat' dir='ltr'><strong>p.</strong></span> <span class='ocrx_word' id='word_1_186' title='bbox 550 2480 634 2564; x_wconf 95' lang='grc'><strong>814,</strong></span> <span class='ocrx_word' id='word_1_187' title='bbox 661 2480 694 2548; x_wconf 86' lang='grc'><strong>5.</strong></span> <span class='ocrx_word' id='word_1_188' title='bbox 728 2483 805 2549; x_wconf 80' lang='lat' dir='ltr'><strong>adv.</strong></span> <span class='ocrx_word' id='word_1_189' title='bbox 836 2483 972 2573; x_wconf 79' lang='lat' dir='ltr'><strong>Aphob.</strong></span> <span class='ocrx_word' id='word_1_190' title='bbox 1006 2482 1046 2547; x_wconf 90' lang='lat' dir='ltr'><strong>de</strong></span> <span class='ocrx_word' id='word_1_191' title='bbox 1073 2481 1148 2547; x_wconf 82' lang='lat' dir='ltr'><strong>fals.</strong></span> <span class='ocrx_word' id='word_1_192' title='bbox 1177 2493 1257 2547; x_wconf 84' lang='lat' dir='ltr'><strong>test.</strong></span> 
     </span>
     <span class='ocr_line' id='line_1_23' title="bbox 180 2580 1256 2675; baseline 0.002 -27"><span class='ocrx_word' id='word_1_193' title='bbox 180 2608 214 2671; x_wconf 88' lang='lat' dir='ltr'><strong>p.</strong></span> <span class='ocrx_word' id='word_1_194' title='bbox 231 2581 307 2665; x_wconf 89' lang='grc'><strong>846,</strong></span> <span class='ocrx_word' id='word_1_195' title='bbox 330 2581 383 2649; x_wconf 93' lang='grc'><strong>14.</strong></span> <span class='ocrx_word' id='word_1_196' title='bbox 404 2580 487 2671; x_wconf 90' lang='lat' dir='ltr'><strong>Lys.</strong></span> <span class='ocrx_word' id='word_1_197' title='bbox 509 2581 546 2647; x_wconf 90' lang='lat' dir='ltr'><strong>in</strong></span> <span class='ocrx_word' id='word_1_198' title='bbox 560 2582 701 2668; x_wconf 64' lang='grc' dir='ltr'><strong>Ληουεῖ.</strong></span> <span class='ocrx_word' id='word_1_199' title='bbox 723 2607 757 2673; x_wconf 89' lang='lat' dir='ltr'><strong>p.</strong></span> <span class='ocrx_word' id='word_1_200' title='bbox 774 2582 849 2651; x_wconf 88' lang='grc'><strong>449.</strong></span> <span class='ocrx_word' id='word_1_201' title='bbox 868 2584 958 2652; x_wconf 84' lang='lat' dir='ltr'><strong>Add.</strong></span> <span class='ocrx_word' id='word_1_202' title='bbox 978 2582 1123 2675; x_wconf 86' lang='lat' dir='ltr'><strong>Teylor.</strong></span> <span class='ocrx_word' id='word_1_203' title='bbox 1144 2580 1256 2650; x_wconf 86' lang='lat' dir='ltr'><strong>Lectt.</strong></span> 
     </span>
     <span class='ocr_line' id='line_1_24' title="bbox 180 2683 469 2775; baseline 0 -26"><span class='ocrx_word' id='word_1_204' title='bbox 180 2683 315 2775; x_wconf 80' lang='lat' dir='ltr'><strong>Lysiae.</strong></span> <span class='ocrx_word' id='word_1_205' title='bbox 338 2709 372 2772; x_wconf 95' lang='lat' dir='ltr'><strong>p.</strong></span> <span class='ocrx_word' id='word_1_206' title='bbox 394 2686 469 2749; x_wconf 88' lang='grc'><strong>227.</strong></span> 
     </span>
    </p>

    <p class='ocr_par' dir='ltr' id='par_1_10' title="bbox 178 2779 1269 3382">
     <span class='ocr_line' id='line_1_25' title="bbox 266 2779 1258 2871; baseline -0.001 -20"><span class='ocrx_word' id='word_1_207' title='bbox 266 2783 304 2871; x_wconf 80' lang='lat'><strong>§.</strong></span> <span class='ocrx_word' id='word_1_208' title='bbox 326 2788 359 2852; x_wconf 88' lang='grc'><strong>9.</strong></span> <span class='ocrx_word' id='word_1_209' title='bbox 382 2779 599 2869; x_wconf 75' lang='grc' dir='ltr'><strong>ἐπετρόπευσεν</strong></span> <span class='ocrx_word' id='word_1_210' title='bbox 619 2779 703 2868; x_wconf 76' lang='grc' dir='ltr'><strong>ἡμᾶς</strong></span> <span class='ocrx_word' id='word_1_211' title='bbox 722 2792 810 2861; x_wconf 79' lang='grc' dir='ltr'><strong>θεῖος</strong></span> <span class='ocrx_word' id='word_1_212' title='bbox 831 2784 885 2852; x_wconf 80' lang='grc' dir='ltr'><strong>ὤν.</strong></span> <span class='ocrx_word' id='word_1_213' title='bbox 927 2783 1084 2852; x_wconf 79' lang='lat' dir='ltr'><strong>&#39;l&#39;ntelem</strong></span> <span class='ocrx_word' id='word_1_214' title='bbox 1102 2808 1146 2850; x_wconf 87' lang='lat' dir='ltr'><strong>ex</strong></span> <span class='ocrx_word' id='word_1_215' title='bbox 1166 2783 1258 2870; x_wconf 83' lang='lat' dir='ltr'><strong>legi-</strong></span> 
     </span>
     <span class='ocr_line' id='line_1_26' title="bbox 181 2884 1258 2978; baseline 0.002 -28"><span class='ocrx_word' id='word_1_216' title='bbox 181 2884 243 2951; x_wconf 84' lang='lat' dir='ltr'><strong>bus</strong></span> <span class='ocrx_word' id='word_1_217' title='bbox 265 2886 305 2951; x_wconf 86' lang='lat' dir='ltr'><strong>sd</strong></span> <span class='ocrx_word' id='word_1_218' title='bbox 327 2886 499 2975; x_wconf 87' lang='lat' dir='ltr'><strong>proximos</strong></span> <span class='ocrx_word' id='word_1_219' title='bbox 519 2901 675 2972; x_wconf 78' lang='lat' dir='ltr'><strong>cognatos</strong></span> <span class='ocrx_word' id='word_1_220' title='bbox 692 2887 888 2978; x_wconf 85' lang='lat' dir='ltr'><strong>pertinuisse</strong></span> <span class='ocrx_word' id='word_1_221' title='bbox 901 2901 1037 2953; x_wconf 84' lang='lat' dir='ltr'><strong>testetur</strong></span> <span class='ocrx_word' id='word_1_222' title='bbox 1058 2887 1258 2978; x_wconf 85' lang='lat' dir='ltr'><strong>hypothesis</strong></span> 
     </span>
     <span class='ocr_line' id='line_1_27' title="bbox 181 2985 1255 3078; baseline 0.001 -26"><span class='ocrx_word' id='word_1_223' title='bbox 181 3001 265 3053; x_wconf 81' lang='lat' dir='ltr'><strong>oret.</strong></span> <span class='ocrx_word' id='word_1_224' title='bbox 289 2986 329 3052; x_wconf 87' lang='lat' dir='ltr'><strong>‹le</strong></span> <span class='ocrx_word' id='word_1_225' title='bbox 342 2986 530 3059; x_wconf 76' lang='lat' dir='ltr'><strong>Aristarch.</strong></span> <span class='ocrx_word' id='word_1_226' title='bbox 552 2989 625 3055; x_wconf 87' lang='lat' dir='ltr'><strong>her.</strong></span> <span class='ocrx_word' id='word_1_227' title='bbox 648 3015 681 3078; x_wconf 95' lang='lat' dir='ltr'><strong>p.</strong></span> <span class='ocrx_word' id='word_1_228' title='bbox 702 2990 775 3056; x_wconf 78' lang='lat'><strong>125.</strong></span> <span class='ocrx_word' id='word_1_229' title='bbox 792 2990 856 3055; x_wconf 87' lang='lat' dir='ltr'><strong>ubi</strong></span> <span class='ocrx_word' id='word_1_230' title='bbox 878 3005 1013 3078; x_wconf 87' lang='lat' dir='ltr'><strong>patruus</strong></span> <span class='ocrx_word' id='word_1_231' title='bbox 1029 2988 1150 3053; x_wconf 91' lang='lat' dir='ltr'><strong>dicitur</strong></span> <span class='ocrx_word' id='word_1_232' title='bbox 1171 2985 1255 3053; x_wconf 76' lang='grc' dir='ltr'><strong>κατὰ</strong></span> 
     </span>
     <span class='ocr_line' id='line_1_28' title="bbox 179 3085 1269 3177; baseline 0.005 -27"><span class='ocrx_word' id='word_1_233' title='bbox 179 3085 236 3151; x_wconf 82' lang='grc' dir='ltr'><strong>τὸν</strong></span> <span class='ocrx_word' id='word_1_234' title='bbox 257 3085 353 3170; x_wconf 88' lang='grc' dir='ltr'><strong>νόμον</strong></span> <span class='ocrx_word' id='word_1_235' title='bbox 374 3088 538 3174; x_wconf 75' lang='grc' dir='ltr'><strong>ἐπίτροπος</strong></span> <span class='ocrx_word' id='word_1_236' title='bbox 558 3095 621 3155; x_wconf 80' lang='grc' dir='ltr'><strong>τῶν</strong></span> <span class='ocrx_word' id='word_1_237' title='bbox 642 3096 698 3156; x_wconf 77' lang='grc' dir='ltr'><strong>τοῦ</strong></span> <span class='ocrx_word' id='word_1_238' title='bbox 720 3091 856 3177; x_wconf 74' lang='grc' dir='ltr'><strong>ἀδελφοῦ</strong></span> <span class='ocrx_word' id='word_1_239' title='bbox 876 3092 996 3155; x_wconf 74' lang='grc' dir='ltr'><strong>παίδων</strong></span> <span class='ocrx_word' id='word_1_240' title='bbox 1016 3105 1048 3155; x_wconf 88' lang='lat' dir='ltr'><strong>et</strong></span> <span class='ocrx_word' id='word_1_241' title='bbox 1060 3087 1175 3155; x_wconf 91' lang='lat' dir='ltr'><strong>multis</strong></span> <span class='ocrx_word' id='word_1_242' title='bbox 1191 3113 1269 3155; x_wconf 66' lang='lat' dir='ltr'><strong>exr</strong></span> 
     </span>
     <span class='ocr_line' id='line_1_29' title="bbox 180 3188 1255 3277; baseline 0.005 -24"><span class='ocrx_word' id='word_1_243' title='bbox 180 3188 300 3277; x_wconf 87' lang='lat' dir='ltr'><strong>smplis</strong></span> <span class='ocrx_word' id='word_1_244' title='bbox 331 3191 558 3256; x_wconf 83' lang='lat' dir='ltr'><strong>confirmatur.</strong></span> <span class='ocrx_word' id='word_1_245' title='bbox 616 3188 715 3258; x_wconf 74' lang='lat' dir='ltr'><strong>(loni.</strong></span> <span class='ocrx_word' id='word_1_246' title='bbox 738 3191 886 3259; x_wconf 85' lang='lat' dir='ltr'><strong>Platner.</strong></span> <span class='ocrx_word' id='word_1_247' title='bbox 910 3194 951 3259; x_wconf 89' lang='lat' dir='ltr'><strong>de</strong></span> <span class='ocrx_word' id='word_1_248' title='bbox 980 3190 1033 3259; x_wconf 92' lang='lat' dir='ltr'><strong>lit.</strong></span> <span class='ocrx_word' id='word_1_249' title='bbox 1056 3206 1088 3258; x_wconf 90' lang='lat' dir='ltr'><strong>et</strong></span> <span class='ocrx_word' id='word_1_250' title='bbox 1115 3204 1181 3258; x_wconf 79' lang='lat' dir='ltr'><strong>act.</strong></span> <span class='ocrx_word' id='word_1_251' title='bbox 1201 3189 1255 3258; x_wconf 90' lang='lat' dir='ltr'><strong>ll.</strong></span> 
     </span>
     <span class='ocr_line' id='line_1_30' title="bbox 178 3290 854 3382; baseline 0.012 -29"><span class='ocrx_word' id='word_1_252' title='bbox 178 3313 213 3378; x_wconf 89' lang='lat' dir='ltr'><strong>p.</strong></span> <span class='ocrx_word' id='word_1_253' title='bbox 234 3291 311 3357; x_wconf 89' lang='grc'><strong>278.</strong></span> <span class='ocrx_word' id='word_1_254' title='bbox 333 3290 450 3367; x_wconf 87' lang='lat' dir='ltr'><strong>Meier.</strong></span> <span class='ocrx_word' id='word_1_255' title='bbox 473 3291 521 3357; x_wconf 71' lang='lat' dir='ltr'><strong>de‘</strong></span> <span class='ocrx_word' id='word_1_256' title='bbox 536 3292 608 3359; x_wconf 82' lang='lat' dir='ltr'><strong>ord.</strong></span> <span class='ocrx_word' id='word_1_257' title='bbox 629 3292 700 3382; x_wconf 81' lang='lat' dir='ltr'><strong>jud.</strong></span> <span class='ocrx_word' id='word_1_258' title='bbox 722 3319 756 3382; x_wconf 93' lang='lat' dir='ltr'><strong>p.</strong></span> <span class='ocrx_word' id='word_1_259' title='bbox 777 3292 854 3361; x_wconf 87' lang='grc'><strong>448.</strong></span> 
     </span>
    </p>

    <p class='ocr_par' dir='ltr' id='par_1_11' title="bbox 112 3383 1301 3884">
     <span class='ocr_line' id='line_1_31' title="bbox 265 3383 1254 3484; baseline 0.006 -28"><span class='ocrx_word' id='word_1_260' title='bbox 265 3388 454 3475; x_wconf 78' lang='grc' dir='ltr'><strong>Κλεωνύμου</strong></span> <span class='ocrx_word' id='word_1_261' title='bbox 486 3390 523 3456; x_wconf 80' lang='grc' dir='ltr'><strong>δ’</strong></span> <span class='ocrx_word' id='word_1_262' title='bbox 553 3383 644 3469; x_wconf 71' lang='grc' dir='ltr'><strong>οὗτος</strong></span> <span class='ocrx_word' id='word_1_263' title='bbox 670 3391 821 3480; x_wconf 76' lang='grc' dir='ltr'><strong>διάφορος</strong></span> <span class='ocrx_word' id='word_1_264' title='bbox 846 3393 889 3460; x_wconf 78' lang='grc' dir='ltr'><strong>ὢν</strong></span> <span class='ocrx_word' id='word_1_265' title='bbox 917 3393 1030 3475; x_wconf 62' lang='grc' dir='ltr'><strong>ἔτυχεν.</strong></span> <span class='ocrx_word' id='word_1_266' title='bbox 1079 3392 1254 3484; x_wconf 77' lang='lat' dir='ltr'><strong>Tuylorut</strong></span> 
     </span>
     <span class='ocr_line' id='line_1_32' title="bbox 112 3490 1254 3582; baseline 0.006 -25"><span class='ocrx_word' id='word_1_267' title='bbox 112 3492 118 3503; x_wconf 69' lang='lat'><strong>⁴</strong></span> <span class='ocrx_word' id='word_1_268' title='bbox 179 3492 298 3558; x_wconf 85' lang='lat' dir='ltr'><strong>meluit</strong></span> <span class='ocrx_word' id='word_1_269' title='bbox 312 3490 507 3581; x_wconf 78' lang='grc' dir='ltr'><strong>Κλεωνύμῳ,</strong></span> <span class='ocrx_word' id='word_1_270' title='bbox 539 3495 592 3561; x_wconf 88' lang='lat' dir='ltr'><strong>cui</strong></span> <span class='ocrx_word' id='word_1_271' title='bbox 613 3512 701 3562; x_wconf 87' lang='lat' dir='ltr'><strong>recte</strong></span> <span class='ocrx_word' id='word_1_272' title='bbox 722 3496 881 3564; x_wconf 78' lang='lat' dir='ltr'><strong>Reisltius</strong></span> <span class='ocrx_word' id='word_1_273' title='bbox 902 3494 1104 3582; x_wconf 89' lang='lat' dir='ltr'><strong>obloquitur.</strong></span> <span class='ocrx_word' id='word_1_274' title='bbox 1149 3492 1254 3564; x_wconf 75' lang='lat' dir='ltr'><strong>(lons.</strong></span> 
     </span>
     <span class='ocr_line' id='line_1_33' title="bbox 168 3594 1254 3684; baseline 0.005 -26"><span class='ocrx_word' id='word_1_275' title='bbox 168 3594 299 3681; x_wconf 79' lang='lat' dir='ltr'><strong>&#39;fragm</strong></span> <span class='ocrx_word' id='word_1_276' title='bbox 327 3619 388 3684; x_wconf 92' lang='lat' dir='ltr'><strong>pro</strong></span> <span class='ocrx_word' id='word_1_277' title='bbox 421 3594 559 3684; x_wconf 88' lang='lat' dir='ltr'><strong>Euphil.</strong></span> <span class='ocrx_word' id='word_1_278' title='bbox 589 3595 713 3682; x_wconf 75' lang='lat'><strong>§.102</strong></span> <span class='ocrx_word' id='word_1_279' title='bbox 747 3603 848 3663; x_wconf 79' lang='grc' dir='ltr'><strong>ταῦτα</strong></span> <span class='ocrx_word' id='word_1_280' title='bbox 879 3594 1044 3681; x_wconf 79' lang='grc' dir='ltr'><strong>ἀκηκοότες</strong></span> <span class='ocrx_word' id='word_1_281' title='bbox 1072 3594 1158 3682; x_wconf 85' lang='grc' dir='ltr'><strong>παρά</strong></span> <span class='ocrx_word' id='word_1_282' title='bbox 1187 3602 1254 3663; x_wconf 78' lang='grc' dir='ltr'><strong>τῶν</strong></span> 
     </span>
     <span class='ocr_line' id='line_1_34' title="bbox 178 3691 1301 3789; baseline 0.008 -32"><span class='ocrx_word' id='word_1_283' title='bbox 178 3691 291 3759; x_wconf 82' lang='grc' dir='ltr'><strong>τοότου</strong></span> <span class='ocrx_word' id='word_1_284' title='bbox 313 3695 485 3782; x_wconf 80' lang='grc' dir='ltr'><strong>διαφόρων.</strong></span> <span class='ocrx_word' id='word_1_285' title='bbox 528 3695 704 3770; x_wconf 81' lang='lat' dir='ltr'><strong>Demosth.</strong></span> <span class='ocrx_word' id='word_1_286' title='bbox 725 3700 803 3767; x_wconf 81' lang='lat' dir='ltr'><strong>adv.</strong></span> <span class='ocrx_word' id='word_1_287' title='bbox 816 3699 950 3789; x_wconf 85' lang='lat' dir='ltr'><strong>Aphob.</strong></span> <span class='ocrx_word' id='word_1_288' title='bbox 966 3699 1006 3765; x_wconf 85' lang='lat' dir='ltr'><strong>de</strong></span> <span class='ocrx_word' id='word_1_289' title='bbox 1026 3699 1052 3765; x_wconf 87' lang='grc'><strong>1.</strong></span> <span class='ocrx_word' id='word_1_290' title='bbox 1075 3712 1100 3764; x_wconf 91' lang='lat' dir='ltr'><strong>t.</strong></span> <span class='ocrx_word' id='word_1_291' title='bbox 1122 3721 1156 3786; x_wconf 93' lang='lat' dir='ltr'><strong>p.</strong></span> <span class='ocrx_word' id='word_1_292' title='bbox 1171 3695 1253 3777; x_wconf 81' lang='grc'><strong>849,</strong></span> <span class='ocrx_word' id='word_1_293' title='bbox 1295 3732 1301 3745; x_wconf 93' lang='grc'><strong>-·</strong></span> 
     </span>
     <span class='ocr_line' id='line_1_35' title="bbox 181 3794 636 3884; baseline 0.007 -23"><span class='ocrx_word' id='word_1_294' title='bbox 181 3797 240 3861; x_wconf 80' lang='grc' dir='ltr'><strong>1οε</strong></span> <span class='ocrx_word' id='word_1_295' title='bbox 263 3795 318 3860; x_wconf 81' lang='grc' dir='ltr'><strong>τόν</strong></span> <span class='ocrx_word' id='word_1_296' title='bbox 339 3794 453 3863; x_wconf 73' lang='grc' dir='ltr'><strong>ἑαυτοῦ</strong></span> <span class='ocrx_word' id='word_1_297' title='bbox 473 3794 636 3884; x_wconf 77' lang='grc' dir='ltr'><strong>διάφορον.</strong></span> 
     </span>
    </p>

    <p class='ocr_par' dir='ltr' id='par_1_12' title="bbox 176 3895 1284 4298">
     <span class='ocr_line' id='line_1_36' title="bbox 263 3895 1254 3987; baseline 0.009 -28"><span class='ocrx_word' id='word_1_298' title='bbox 263 3895 339 3973; x_wconf 73' lang='grc' dir='ltr'><strong>ἴσως</strong></span> <span class='ocrx_word' id='word_1_299' title='bbox 359 3897 415 3964; x_wconf 74' lang='grc' dir='ltr'><strong>οὐκ</strong></span> <span class='ocrx_word' id='word_1_300' title='bbox 436 3898 512 3983; x_wconf 77' lang='grc' dir='ltr'><strong>ἓμάν</strong></span> <span class='ocrx_word' id='word_1_301' title='bbox 532 3899 620 3987; x_wconf 75' lang='grc' dir='ltr'><strong>ἴργον</strong></span> <span class='ocrx_word' id='word_1_302' title='bbox 642 3900 707 3966; x_wconf 70' lang='grc' dir='ltr'><strong>ἐστὶ</strong></span> <span class='ocrx_word' id='word_1_303' title='bbox 726 3910 916 3987; x_wconf 80' lang='grc' dir='ltr'><strong>κατηγορεῖν.</strong></span> <span class='ocrx_word' id='word_1_304' title='bbox 959 3898 1074 3968; x_wconf 91' lang='lat' dir='ltr'><strong>Simili</strong></span> <span class='ocrx_word' id='word_1_305' title='bbox 1086 3925 1254 3970; x_wconf 86' lang='lat' dir='ltr'><strong>verecun-</strong></span> 
     </span>
     <span class='ocr_line' id='line_1_37' title="bbox 178 3996 1252 4092; baseline 0.006 -30"><span class='ocrx_word' id='word_1_306' title='bbox 178 3996 233 4063; x_wconf 75' lang='lat' dir='ltr'><strong>dia</strong></span> <span class='ocrx_word' id='word_1_307' title='bbox 254 3997 480 4087; x_wconf 83' lang='lat' dir='ltr'><strong>Apollodorus</strong></span> <span class='ocrx_word' id='word_1_308' title='bbox 501 4002 587 4091; x_wconf 83' lang='lat' dir='ltr'><strong>epud</strong></span> <span class='ocrx_word' id='word_1_309' title='bbox 610 4001 785 4069; x_wconf 87' lang='lat' dir='ltr'><strong>Demosth.</strong></span> <span class='ocrx_word' id='word_1_310' title='bbox 807 4003 845 4068; x_wconf 89' lang='lat' dir='ltr'><strong>in</strong></span> <span class='ocrx_word' id='word_1_311' title='bbox 866 4000 1026 4092; x_wconf 79' lang='lat' dir='ltr'><strong>Stephon.</strong></span> <span class='ocrx_word' id='word_1_312' title='bbox 1049 4000 1078 4068; x_wconf 93' lang='lat' dir='ltr'><strong>l.</strong></span> <span class='ocrx_word' id='word_1_313' title='bbox 1100 4028 1134 4091; x_wconf 88' lang='lat' dir='ltr'><strong>p.</strong></span> <span class='ocrx_word' id='word_1_314' title='bbox 1150 4003 1252 4088; x_wconf 89' lang='grc'><strong>1102,</strong></span> 
     </span>
     <span class='ocr_line' id='line_1_38' title="bbox 178 4099 1284 4192; baseline 0.008 -30"><span class='ocrx_word' id='word_1_315' title='bbox 178 4099 235 4168; x_wconf 79' lang='grc'><strong>12;</strong></span> <span class='ocrx_word' id='word_1_316' title='bbox 265 4099 321 4162; x_wconf 85' lang='grc' dir='ltr'><strong>οάκ</strong></span> <span class='ocrx_word' id='word_1_317' title='bbox 336 4099 412 4176; x_wconf 79' lang='grc' dir='ltr'><strong>ἴσως</strong></span> <span class='ocrx_word' id='word_1_318' title='bbox 424 4100 593 4168; x_wconf 77' lang='grc' dir='ltr'><strong>καλάνυὶεῒ</strong></span> <span class='ocrx_word' id='word_1_319' title='bbox 602 4104 669 4189; x_wconf 77' lang='grc' dir='ltr'><strong>περὶ</strong></span> <span class='ocrx_word' id='word_1_320' title='bbox 688 4101 809 4189; x_wconf 82' lang='grc' dir='ltr'><strong>μητρός</strong></span> <span class='ocrx_word' id='word_1_321' title='bbox 822 4103 957 4190; x_wconf 80' lang='grc' dir='ltr'><strong>ἀκριβῶς</strong></span> <span class='ocrx_word' id='word_1_322' title='bbox 973 4106 1075 4169; x_wconf 76' lang='grc' dir='ltr'><strong>εἶπεΐν.</strong></span> <span class='ocrx_word' id='word_1_323' title='bbox 1094 4129 1130 4192; x_wconf 94' lang='lat' dir='ltr'><strong>p.</strong></span> <span class='ocrx_word' id='word_1_324' title='bbox 1149 4104 1252 4189; x_wconf 84' lang='grc'><strong>1109,</strong></span> <span class='ocrx_word' id='word_1_325' title='bbox 1280 4154 1284 4164; x_wconf 82' lang='grc'><strong>.</strong></span> 
     </span>
     <span class='ocr_line' id='line_1_39' title="bbox 176 4192 1275 4298; baseline 0.01 -35"><span class='ocrx_word' id='word_1_326' title='bbox 176 4201 239 4265; x_wconf 85' lang='grc' dir='ltr'><strong>2οε</strong></span> <span class='ocrx_word' id='word_1_327' title='bbox 271 4198 309 4281; x_wconf 63' lang='grc' dir='ltr'><strong>«ἢν</strong></span> <span class='ocrx_word' id='word_1_328' title='bbox 331 4201 397 4281; x_wconf 70' lang='grc' dir='ltr'><strong>ἐμοὶ</strong></span> <span class='ocrx_word' id='word_1_329' title='bbox 425 4203 483 4284; x_wconf 73' lang='grc' dir='ltr'><strong>μὲν</strong></span> <span class='ocrx_word' id='word_1_330' title='bbox 509 4202 547 4267; x_wconf 79' lang='grc' dir='ltr'><strong>οὐ</strong></span> <span class='ocrx_word' id='word_1_331' title='bbox 567 4192 663 4269; x_wconf 78' lang='grc' dir='ltr'><strong>καλὸν</strong></span> <span class='ocrx_word' id='word_1_332' title='bbox 677 4205 789 4291; x_wconf 78' lang='grc' dir='ltr'><strong>λέγειν.</strong></span> <span class='ocrx_word' id='word_1_333' title='bbox 811 4223 843 4272; x_wconf 84' lang='lat' dir='ltr'><strong>et</strong></span> <span class='ocrx_word' id='word_1_334' title='bbox 863 4207 1067 4274; x_wconf 84' lang='lat' dir='ltr'><strong>Mantitheus</strong></span> <span class='ocrx_word' id='word_1_335' title='bbox 1088 4229 1142 4296; x_wconf 81' lang='lat' dir='ltr'><strong>ep.</strong></span> <span class='ocrx_word' id='word_1_336' title='bbox 1164 4229 1275 4298; x_wconf 31' lang='lat' dir='ltr'><strong>eun·-</strong></span> 
     </span>
    </p>
   </div>
   <div class='ocr_carea' id='block_1_7' title="bbox 0 0 1320 4800">
    <p class='ocr_par' dir='ltr' id='par_1_13' title="bbox 0 0 1320 4800">
     <span class='ocr_line' id='line_1_40' title="bbox 0 0 1320 4800; baseline 0 4"><span class='ocrx_word' id='word_1_337' title='bbox 0 0 1320 4800; x_wconf 95' lang='lat' dir='ltr'><strong> </strong></span> 
     </span>
    </p>
   </div>
  </div>
 </body>
</html>
