2632 4800
325 110 388 179 DE
408 111 667 184 ASTYPHlLl
686 116 1009 190 HEREDITATE.
1144 126 1209 193 423
1262 170 1265 175 -

126 282 258 377 ratione
279 283 335 378 aui
357 305 436 373 erga
457 298 590 373 nepotes
606 307 754 353 amorem
768 285 905 374 probari
924 286 1072 365 vidimus
1091 290 1131 368 in
1152 316 1202 359 ort

80 418 83 423 ·
126 384 168 465 de
191 381 308 459 Giton.
333 385 408 451 her.
431 383 469 471 ᾧ.
494 384 547 451 15.
592 382 662 471 Qui
683 385 832 473 sequitur
852 386 966 456 locust
994 390 1047 457 καί
1069 393 1112 468 εἰς
1132 391 1205 469 τους

125 480 263 561 θιόσους
284 483 357 561 τούς
374 482 571 570 Ἡρακλέους
592 486 704 552 ἐκεῖνον
721 483 891 571 εἴσήγαγεν,
919 487 1041 558 citatur
1057 494 1099 561 ab
1112 492 1204 562 Har·

122 586 316 677 pocratione
336 611 372 656 v.
394 587 510 662 θίασος
529 611 598 653 una
619 613 695 654 cum
716 588 891 657 Demostb.
915 587 956 656 de
983 591 1011 660 f.
1033 593 1102 680 leg.
1123 618 1201 684 pag.

121 682 284 773 403,·19.
306 687 391 773 431,
411 689 455 755 25
475 702 508 754 et
533 687 692 779 Xenopb.
713 690 851 757 Memm.
872 689 927 775 ll,
949 693 990 776 1,
1011 694 1067 763 31.
1120 696 1210 771 Θίιι·,

121 810 182 857 σον
211 804 322 856 autem
350 813 420 857 esse
442 789 537 856 docet
566 789 602 856 τό
624 789 847 877 ἀθροιζόμενον
874 797 998 877 πλῆθος
1018 791 1067 858 ἐπὶ
1096 799 1201 888 τελετῇ

119 889 176 981 ναί
202 895 278 977 σιμῇ
303 895 398 959 θεῶν.
448 890 547 959 Gonf.
570 889 669 960 Pbot.
702 906 735 958 et
756 890 852 962 Suid.
885 893 922 960 h.
951 916 987 964 v·
1009 895 1096 984 apud
1118 919 1199 982 quos

95 986 172 1077 *tut
202 993 279 1056 τέλει
309 993 469 1083 scriptum
492 1007 540 1058 est
560 1016 621 1083 pro
652 992 700 1057 ἐπὶ
721 998 847 1080 τελετῇ,
876 1008 1065 1083 ceterosque
1086 1020 1198 1084 gram·

117 1091 260 1160 maticos
271 1139 283 1177 ,
300 1117 394 1179 ·quos
422 1094 617 1183 singulatim
644 1095 746 1161 citare
774 1094 865 1162 nibil
886 1095 1014 1168 attinet,
1060 1094 1199 1165 Gonstat

118 1192 213 1260 enim
240 1191 376 1270 θιάσους
401 1195 619 1285 quiproprie
641 1196 796 1262 dicuntur
821 1196 975 1265 sodalitia
1002 1196 1105 1266 fuisse
1124 1198 1196 1288 pri-

117 1309 216 1376 vata,
254 1297 415 1383 aquibus
443 1321 538 1364 sacra
566 1297 730 1384 quaedam
754 1298 794 1363 in
825 1299 988 1365 honorem
1014 1298 1115 1390 hujus
1140 1303 1214 1369 velv

115 1394 213 1463 illius
232 1396 399 1483 numinis,
431 1398 524 1488 cujus
546 1422 582 1466 se
602 1398 725 1466 tutelae
745 1398 875 1467 sodales
897 1398 1194 1491 commendassent,

116 1496 210 1581 statis
237 1499 440 1588 temporibus
466 1498 581 1589 peragi
610 1502 766 1567 solerent.
830 1498 882 1567 Ita
911 1525 946 1569 v.
975 1525 1006 1570 ο.
1035 1496 1194 1570 Διονύσου
1245 1554 1249 1561 ,
1309 1522 1312 1528 '

116 1602 277 1665 θιασῶται
307 1617 609 1695 commemorantur
633 1602 725 1695 apud
752 1600 963 1673 Boeckhium
992 1600 1032 1673 0.
1055 1602 1085 1674 l·
1109 1619 1190 1670 tom.
1221 1666 1230 1685 ,

115 1698 147 1769 1·
170 1724 206 1789 p.
223 1702 288 1770 537
310 1716 341 1767 et
363 1700 586 1793 Welckerum
614 1698 747 1794 Syllog.
769 1703 876 1793 epigr.
899 1728 932 1792 p.
951 1704 993 1770 12
1013 1703 1050 1771 in
1071 1703 1192 1771 inscri-

114 1800 229 1891 ptione
250 1803 428 1892 sepulcrali
448 1804 485 1870 in
505 1804 667 1871 honorem
687 1804 782 1894 pueri
803 1804 957 1871 sodalitio
977 1805 1052 1892 illi,
1080 1820 1118 1872 ut
1138 1806 1191 1874 vi·

80 1920 83 1925 '
115 1903 233 1997 detur,
263 1904 441 1995 adscripti,
463 1919 495 1971 et
516 1905 602 1996 apud
621 1904 823 1997 Whelerurn
843 1904 924 1978 ltin.
946 1905 965 1973 Ι
985 1933 1019 1996 p.
1036 1900 1081 1975 84
1099 1930 1187 1979 vers.

113 2002 329 2091 Francogall.
357 2007 411 2075 ed.
439 2008 581 2076 Amstel.
612 2009 697 2082 1689
729 2008 895 2077 decretum
924 2022 1016 2073 extat
1042 2009 1189 2077 sodalitii

97 2110 337 2187 'mercatorum
366 2125 398 2175 et
427 2126 604 2175 nautarum
632 2109 837 2201 Tyriorum,
876 2106 1009 2175 συνόδου
1036 2115 1100 2175 τῶν
1125 2117 1189 2178 Tv-

113 2208 190 2297 ρίων
210 2206 353 2296 ἐμπόρων
375 2211 427 2273 καὶ
446 2207 643 2294 ναυκλήρων,
672 2211 728 2301 qui
750 2211 898 2291 θρασίτας
918 2234 954 2278 se
974 2210 1040 2301 ipsi
1055 2229 1186 2297 vocant,

111 2326 146 2377 et
165 2334 228 2399 pro
249 2309 386 2376 numine
407 2311 541 2389 tutelari
556 2310 736 2377 Herculem
749 2312 949 2395 coluerunt,
973 2311 1060 2378 unde
1087 2313 1187 2379 etiarn

107 2408 335 2499 Ἠρακλείσται
353 2428 516 2480 vocantur
529 2435 617 2480 vers.
636 2412 691 2495 36,
713 2425 745 2477 et
756 2408 913 2479 Herculis
925 2411 1050 2496 τέμενος
1061 2414 1184 2483 habent

109 2530 209 2605 atque
229 2515 450 2600 sacerdotem,
472 2528 642 2604 praeterea
664 2511 882 2599 όρχιθιασίτην
903 2528 935 2580 et
956 2513 1085 2595 ταμίαν.
1129 2511 1184 2582 Si·

107 2617 228 2687 milem
240 2613 505 2704 Sarapiastarum
520 2614 666 2681 thiasum
676 2614 894 2700 cognovimus
910 2638 955 2682 ex
969 2613 1185 2703 inscriptione

108 2716 177 2799 129
197 2742 249 2807 ap.
279 2716 430 2788 boeckh.
461 2744 493 2807 p.
518 2718 592 2802 161,
621 2738 818 2807 quamquam
846 2715 902 2801 hi,
930 2730 1089 2803 quantum
1110 2716 1183 2803 qui-

108 2820 189 2887 dem
208 2836 362 2910 apparet,
392 2844 460 2884 non
490 2820 606 2885 θίασον
627 2841 663 2885 se
690 2818 755 2908 ipsi
774 2833 914 2904 vocant,
943 2818 999 2884 sed
1022 2814 1184 2883 τὸκοινόν

107 2926 174 2989 τῶν
186 2923 428 3005 Σαραπιαστῶν.
472 2920 604 2987 Habent
625 2935 735 2985 autem
756 2919 795 2986 h'i
810 2936 842 2984 et
861 2919 927 3008 ipsi
940 2920 1056 3002 ταμίαν
1070 2943 1182 3002 suum,
1265 2940 1269 2951 ’

92 3032 278 3117 'praeterea
298 3023 443 3090 scribam
465 3038 497 3088 et
518 3023 775 3109 νιροερανιστρίαν
795 3023 971 3112 pluresque
998 3016 1181 3107 ἱεροποιοός.

106 3126 217 3217 ¹Porro
240 3126 322 3192 duos
343 3128 512 3190 θιασιοτῶν
534 3125 647 3190 titulos
661 3124 858 3191 honorarius
869 3123 925 3191 vit·
945 3147 1094 3189 summus
1109 3121 1180 3188 edi·
1202 3150 1205 3155 ·

109 3227 237 3315 dituo.
260 3228 323 3293 109
345 3241 375 3292 et
397 3227 461 3293 110
482 3251 515 3314 p.
538 3226 600 3293 1⁵1
622 3250 694 3314 sq.,
731 3249 872 3314 quorum
895 3227 999 3296 altero
1020 3223 1056 3291 τὸ
1078 3222 1180 3289 κοινὸν
1234 3248 1236 3255 ⁴

106 3333 172 3405 Ιτιόν
199 3333 367 3395 θιασοιιῶν
390 3329 554 3414 quaestori
584 3352 666 3411 suo,
696 3333 742 3418 τῷ
761 3327 877 3415 ταμία,
905 3338 944 3393 et·
959 3324 1179 3411 curatoribus,

107 3441 174 3506 τοῖς
203 3436 470 3514 συνεαιμεληιαῖς,
508 3432 611 3495 altero
642 3446 752 3497 autem
785 3430 955 3496 sodalibus
982 3426 1180 3515 quibusdam

106 3536 191 3601 bene
213 3533 253 3598 de
281 3558 316 3598 se
348 3531 476 3599 meritis
497 3556 638 3599 coronae
669 3534 832 3600 honorem
852 3530 981 3603 tribuit.
1024 3527 1179 3614 Denique

106 3634 208 3701 etiam
236 3635 415 3720 collegium
442 3633 536 3702 Jovis
564 3632 768 3722 Hospitalis,
810 3629 831 3715 ἡ
864 3629 993 3707 σόνοδος
1023 3636 1080 3696 τοῦ
1099 3627 1179 3704 Διός

105 3743 164 3803 τοῦ
185 3737 301 3817 ξενίου,
331 3739 397 3803 huc
418 3737 577 3830 pertinet,
610 3735 702 3826 eujus
723 3734 846 3801 mentio
866 3738 903 3802 fit
924 3733 960 3799 in
981 3733 1078 3799 titulo
1100 3729 1176 3800 124.

106 3864 142 3929 p.
166 3839 242 3919 169,
264 3863 329 3904 uno
352 3863 428 3904 cum
446 3835 629 3923 ναυκλήροις
649 3839 700 3900 καὶ
722 3834 867 3920 ἐμπόροις
887 3844 952 3911 τοῖς
973 3835 1101 3921 φέρουσι
1120 3830 1177 3914 τὴν

108 3937 259 4010 aduodes:
288 3964 366 4007 nam
379 3941 439 4005 hos
457 3963 584 4027 quoquo
602 3939 726 4004 thiasos
740 3937 841 4003 luisse
859 3960 928 4002 non
945 3937 1094 4024 estquod
1115 3935 1177 3999 du·

106 4043 241 4112 bitetur.
287 4042 330 4110 Et
349 4041 482 4108 fuerunt
503 4041 640 4107 omniuo
662 4040 792 4107 minora
813 4036 1006 4129 hujusmodi
1026 4002 1198 4142 sodalitia¹
