2632 4800
246 320 309 390 os
330 319 621 411 uncosrunrr
640 325 961 398 nsunmrnrs.
1074 334 1138 399 τοο

58 491 83 577 ἢ
104 490 145 559 τὸ
165 491 289 565 παιδίον
317 489 412 559 ἀστὸν
440 490 608 576 ποιήσοντι.
652 493 739 561 Nam
759 495 790 561 si
810 496 895 565 civis
913 513 1022 566 mator
1041 516 1137 585 esset,

59 593 177 661 fllium
201 616 350 681 quoque,
377 593 456 660 licet
483 594 655 683 spurium,
684 595 792 663 civem
813 612 925 664 tamen
946 623 1017 667 csse
1038 625 1138 690 opor·

61 695 169 767 tabat·
219 693 304 763 vid.
334 694 375 761 do
402 695 475 762 orde
502 695 573 784 jud.
603 722 637 785 p.
659 694 725 763 429
750 721 799 785 sq.
831 690 982 769 Platner.
1005 704 1031 768 l.
1054 705 1079 770 l.
1100 726 1135 792 p.
1162 743 1169 758 ι

62 796 133 869 114
163 796 228 883 sq(
270 795 414 864 Videtur
447 797 553 884 igitur
585 796 784 883 Gheriades,
824 824 925 886 quum
957 799 1138 873 Nicostrati

61 899 157 975 hune
175 898 284 976 fllium
305 923 377 967 esse
399 898 539 978 diceret,
566 900 684 967 matris
704 899 897 969 condicione
917 901 1137 991 dissimulata,

61 998 258 1090 hujusmodi
276 1000 440 1090 'petitione
474 1024 553 1067 ntus
588 1026 676 1088 esse,
710 1017 748 1069 ut
762 1038 764 1051 =
780 1002 882 1069 simul
915 1003 1137 1094 adoptandum
1215 992 1220 1001 ¹

62 1100 526 1190 (legitimundumipuerum,
547 1102 650 1169 simul
669 1127 723 1183 se,
744 1118 782 1169 ut
800 1103 993 1192 proximum
1014 1129 1137 1193 cogna-

60 1218 159 1283 tum,
186 1216 330 1277 tutorem
351 1204 549 1281 ridendum
571 1228 641 1270 esse
663 1205 895 1290 contenderet,
918 1230 988 1295 qua
1007 1209 1137 1275 rationo

62 1306 262 1375 slttmnnm
283 1320 370 1373 certe
391 1330 427 1372 se
447 1322 701 1391 assequuturnm
720 1309 890 1395 sperabat,
920 1323 977 1375 aut
997 1324 1035 1376 ut
1054 1333 1138 1400 puer
1241 1319 1246 1327 ’

61 1407 126 1475 ille
154 1406 384 1495 adoptaretur,
412 1430 476 1493 quo
503 1408 590 1472 sacto
611 1407 668 1473 hie
690 1423 721 1474 et
743 1408 826 1477 civis
847 1410 978 1478 futurus
999 1426 1085 1479 esset
1105 1402 1161 1476 ei'

61 1510 230 1579 bonorum
258 1508 440 1577 Nicostrati
468 1508 585 1592 heres,
624 1523 697 1592 aut,
735 1535 802 1577 non
838 1512 991 1600 adoptato
1020 1535 1138 1601 puero,

60 1622 101 1685 ut
122 1609 289 1681 hereditas
309 1610 394 1700 ipsi,
432 1609 589 1700 proximo
611 1610 730 1700 quippe
750 1627 909 1701 cognato,
944 1613 1136 1699 exlegibus
1182 1598 1187 1607 ⁸

60 1709 319 1801 adjudicaretur.
367 1711 520 1780 Revera
546 1711 658 1799 itaque
677 1738 745 1780 non
766 1737 847 1798 suo,
880 1714 938 1781 sed
958 1715 1054 1804 pueri
1074 1739 1136 1781 no-

59 1813 159 1887 mino.
175 1811 368 1903 petitionem
387 1814 484 1881 illam
505 1813 664 1895 institrdt3
693 1814 791 1902 idque
812 1815 858 1893 ita
880 1838 949 1889 csse
970 1816 1071 1883 etiam
1091 1840 1135 1882 ex

60 1939 104 1985 eo
124 1931 277 2004 apparet,
309 1917 395 2003 quod
424 1916 536 1982 statim
556 1915 645 1982 inira
671 1913 691 1999 ἦ
713 1921 770 1982 rori
790 1918 914 1981 παιδίον
936 1915 1136 2004 ἀμφισβήτη-

59 2039 113 2093 σις
132 2017 214 2083 haee
226 2017 365 2102 dicitur,
393 2018 429 2084 h.
446 2043 476 2084 e.
492 2017 606 2106 petitio
627 2017 740 2106 pueri,
768 2019 841 2085 scil.
863 2043 923 2107 per
944 2032 1137 2086 tutorem-²-

60 2116 104 2187 ad
133 2141 211 2191 eum
237 2119 393 2204 modum,
425 2119 467 2185 de
495 2142 561 2205 quo
587 2118 714 2186 dictum
739 2135 788 2188 est
809 2118 854 2186 ad
874 2144 923 2189 or.
945 2121 986 2188 de
1007 2120 1135 2213 Pyrrh.

52 2221 134 2303 non.
158 2220 195 2308 §0
218 2223 253 2293 3.

137 2327 241 2387 ’τοῦτο
263 2319 295 2387 d’
317 2313 355 2405 ἦν
377 2320 463 2410 αὐτῷ
476 2360 529 2388 --.
551 2322 644 2393 Haec
661 2337 790 2410 quoqne
811 2340 965 2415 corrupta
986 2348 1057 2392 esse
1076 2348 1137 2414 ap·

58 2437 173 2515 paret,
193 2424 252 2492 sed
274 2423 384 2491 sanari
406 2423 476 2490 sine
498 2424 666 2490 codicibus
685 2424 780 2489 nulla
801 2441 890 2490 certa
909 2425 1038 2493 ratione
1057 2449 1135 2514 pos·

59 2540 159 2610 aunt,
189 2526 406 2613 quamobrem
427 2524 624 2615 conjecturis
650 2525 883 2592 abstinendum
902 2541 995 2615 puto.
1039 2521 1138 2591 Gete·
1244 2590 1253 2607 x

58 2650 140 2695 rum
165 2627 255 2705 nihil
283 2627 564 2705 desideraremus,
601 2627 631 2693 si
658 2627 712 2694 his
743 2626 855 2693 verbis
884 2628 984 2715 plane
1005 2625 1135 2693 omissis
1240 2628 1252 2649 ’“

58 2730 247 2819 legeretur:
274 2725 318 2805 ὡς
338 2727 358 2812 ἢ
379 2765 422 2776 -
443 2725 705 2814 κληρονομήσων,
736 2725 820 2811 ἢ-
840 2725 987 2810 ποιήσων.
1026 2770 1035 2786 .

150 2829 189 2917 ἦ.
212 2830 266 2898 11.
311 2828 392 2894 κατὰ
431 2827 467 2894 τὸ
507 2829 594 2904 τέλος
621 2832 819 2914 ζημιοῦσθαι.
882 2827 1042 2895 Dubitari
1067 2852 1136 2895 non

49 2924 188 3023 petati,
221 2931 301 3018 quin
332 2931 404 3020 ipsa
431 2929 680 3016 πορακαταβολὴ
707 2930 762 2997 his
788 2928 900 2997 verbis
931 2929 1134 3017 designetur.

56 3032 145 3103 Erat
164 3031 256 3099 anim
277 3035 359 3100 hacc
387 3032 482 3119 qnasi
502 3034 663 3119 quaedem
683 3030 838 3122 sponsio,
869 3055 971 3118 quum
992 3031 1136 3121 depone·

56 3150 156 3202 retur
186 3157 206 3201 a
235 3135 373 3224 petitore
403 3133 564 3222 pecunia,
602 3156 685 3221 quae
710 3149 842 3223 peracto
869 3131 994 3224 judicio
1014 3133 1136 3202 victori

57 3235 198 3305 cessisse
218 3236 362 3304 videtur.
405 3234 499 3303 Haeo
529 3234 638 3325 major
657 3235 810 3303 minorve
832 3249 902 3300 erat
922 3258 982 3323 pro
1004 3234 1135 3321 quanti·

56 3352 130 3406 tato
160 3336 232 3425 ejus
258 3338 328 3423 rei,
363 3337 404 3402 de
427 3361 491 3425 qua
521 3339 723 3419 certabatur3
761 3336 800 3403 in
821 3336 1043 3403 hereditatum
1063 3334 1134 3399 liti·

55 3441 124 3506 bus
151 3437 279 3509 decima
309 3463 386 3529 pars
413 3454 484 3506 erat
509 3437 719 3524 hereditatis,
761 3462 860 3526 quam
889 3437 962 3524 quis
993 3437 1133 3524 petebat.

55 3539 144 3609 vid.
176 3540 216 3607 de
244 3539 316 3607 ord.
349 3539 419 3632 jud.
446 3565 481 3631 p.
504 3541 568 3607 616
588 3578 632 3592 —-
652 3541 727 3609 621.
780 3541 890 3626 Atque
910 3552 1044 3628 propter
1070 3538 1135 3602 hoe

55 3642 190 3733 ipsum,
223 3641 280 3730 qui
306 3647 556 3729 παρακαταβολῇ
584 3644 781 3726 muletatur,
809 3639 889 3705 κατὰ
917 3636 953 3703 τὸ
974 3638 1061 3713 τέλος
1082 3638 1099 3711 ζ
1118 3653 1150 3691 -4
1224 3689 1228 3697 .

55 3746 217 3829 mondus
246 3742 386 3827 dicitnr3
415 3744 682 3832 quandoquidem
708 3744 795 3818 τέλος
814 3742 852 3809 in
872 3740 1067 3807 universum
1087 3738 1134 3804 si-

58 3843 199 3932 gnificat
218 3846 428 3936 praefinitum
449 3846 613 3933 quendam
641 3861 673 3911 et
693 3859 849 3917 statutum
870 3841 1024 3923 modum,
1051 3839 1150 3906 sicut

58 3944 211 4025 ἓπιβολὰς
238 3945 409 4033 ἐπιβάλλειν
430 3946 510 4029 sard
531 3945 567 4012 τὸ
591 3946 678 4020 τέλος
698 3945 783 4035 apud
804 3942 979 4009 Demosth.
1003 3942 1041 4006 in
1060 3940 1134 4007 Ma-

59 4060 145 4115 cart-
167 4072 201 4137 p.
225 4049 320 4132 1676,
343 4050 385 4115 18
404 4050 617 4136 magistratus
639 4046 811 4130 dicuntur,
837 4045 873 4111 h.
897 4069 927 4108 c.
948 4042 1037 4111 intra
1058 4066 1134 4108 eum

59 4149 221 4230 modum,
249 4149 337 4215 intra
354 4174 451 4237 quem
461 4146 786 4218 mulctareiislicet.
830 4142 883 4212 cf.
907 4144 947 4211 de
969 4141 1040 4211 ord.
1063 4142 1132 4230 jud.

60 4272 96 4340 p·
119 4248 174 4319 ³4.
226 4246 293 4319 Sed
321 4251 387 4318 alio
415 4275 513 4317 sensu
540 4249 580 4343 τοὶ
610 4257 779 4333 πρυτανεῖα
808 4270 936 4413 qnptpue
962 4245 1034 4329 τέλη
1065 4267 1134 4311 esse

385 4366 388 4373 ,
920 4353 936 4386 s
1119 4342 1124 4353 .
