2632 4800
192 270 259 355 DE
278 283 663 367 PHILOGTEMONIS
684 285 1006 375 HEREDITATE.
1076 292 1141 361 321

66 452 194 525 dudum
220 455 293 523 siue
319 456 414 546 prole
440 455 594 525 mortuis.
652 451 731 525 Jam
759 459 905 527 veroin
932 458 1140 549 ejuslocum

67 554 338 643 Chaerestratus,
371 557 460 625 filius
488 556 680 669 adoptivus,
719 558 896 646 successit,
924 558 1018 648 isque
1038 586 1140 649 quum

60 654 281 728 Euaemonis
309 661 397 726 bona
430 674 538 748 petat,
577 673 690 725 tamen
718 674 774 746 ut,
811 658 883 746 quo
908 661 1005 728 titulo
1037 677 1139 753 petat,

61 761 181 829 statim
216 775 387 851 appareat,
424 758 685 827 Philoctemouis
719 784 755 827 se
785 759 1003 828 hereditatem
1029 781 1140 854 petere

54 858 167 943 dicit,
205 862 326 952 quippe
354 884 437 949 quae
457 859 718 928 Philoctemonis
748 862 861 928 futura
888 862 993 928 fuerit
1022 879 1055 932 et
1080 887 1141 956 per

54 960 176 1049 hunc,
203 978 331 1053 patrem
353 961 564 1051 adoptivum,
595 962 637 1027 ad
659 984 695 1028 se
715 962 892 1051 pertineat.
936 960 1003 1031 Sed
1026 982 1141 1035 contra

52 1064 207 1133 tendunt
232 1063 416 1131 adversarii
436 1062 648 1130 Euctemonis
675 1063 762 1130 hauc
789 1058 1007 1130 hereditatem
1028 1067 1141 1135 dicen·

55 1180 136 1251 tes,
168 1188 237 1231 uon
257 1164 538 1248 Philoctemonis,
567 1164 687 1253 quippe
708 1163 763 1230 cui
784 1188 827 1230 ne
854 1164 988 1232 licuerit
1007 1167 1141 1254 quidem

58 1267 149 1337 'rivo
176 1282 271 1357 patre
300 1268 463 1333 honorum
489 1280 702 1355 paternorum
728 1265 886 1333 heredem
913 1266 1100 1337 instituere.
1109 1272 1139 1359 **)

38 1366 112 1435 -Rt
130 1383 220 1435 recte
248 1392 328 1435 saue
355 1369 419 1435 hoe
440 1368 604 1451 dicerent,
632 1366 662 1433 si
690 1365 751 1432 alii
775 1381 855 1433 tuuc
875 1385 1007 1458 praeter
1029 1371 1141 1459 ipsum

67 1467 355 1547 Philoctemonem
389 1468 454 1535 filii
487 1468 628 1534 ficissent
654 1467 868 1536 Euctemonis
900 1468 1064 1558 legitimi,
1104 1471 1141 1538 id

69 1570 158 1658 quod
178 1569 244 1662 ipsi
265 1571 476 1655 contendunt,
505 1568 754 1637 Chaerestratus
777 1594 853 1636 cum
867 1585 1006 1659 patrono
1027 1588 1141 1660 negat.

69 1668 133 1741 Sin
159 1698 246 1740 uuus
272 1672 336 1739 init
365 1671 597 1756 Philoctemo,
630 1670 778 1736 dubitari
803 1695 870 1738 nou
896 1687 1024 1761 potest,
1061 1675 1142 1763 quin

70 1772 128 1863 qui
149 1776 192 1841 ab
221 1776 286 1841 hoc
308 1774 478 1864 adoptatus
500 1773 545 1840 sit
565 1797 603 1839 ea
626 1772 738 1840 omnia
760 1796 820 1840 suo
840 1772 913 1864 jure
933 1790 1044 1864 petere
1062 1782 1144 1866 ‘pos-

70 1874 135 1961 tit,
163 1900 246 1965 quae
266 1877 308 1943 ab
330 1874 531 1943 Euctemoue
552 1876 593 1940 ad
615 1874 921 1961 Philoctemonem,
951 1876 982 1943 si
1001 1877 1144 1962 viveret,

64 1968 269 2075 ,pervemura
299 1978 449 2044 fuissent.
502 1978 613 2064 Atque
635 1976 801 2065 duplicem
830 1975 928 2043 illam
948 1978 1143 2046 hereditatis

71 2076 95 2147 α’
116 2077 369 2161 Philoctemone
399 2095 431 2146 et
459 2080 500 2146 ah
528 2078 728 2146 Euctemoue
756 2078 1021 2165 designationem
1056 2096 1144 2148 recte

71 2178 171 2247 etiam
193 2180 351 2248 aGansio
374 2180 574 2269 explicatam
593 2181 710 2265 video,
733 2180 773 2246 de
793 2180 860 2270 jur.
883 2183 957 2249 her.
979 2181 998 2247 Ι
1017 2207 1051 2271 p.
1067 2182 1144 2269 368,

71 2306 181 2371 neque
198 2281 353 2373 intelligo
375 2284 452 2369 quid
475 2284 668 2350 Platnerum
690 2282 880 2370 induxerit,
906 2281 981 2373 lp.
1003 2286 1080 2364 330,
1108 2301 1145 2350 ut

71 2380 333 2451 Philoctemouis
354 2383 570 2451 hereditatem
592 2387 633 2450 ab
647 2384 859 2450 Euctemonis
880 2382 1085 2472 sejungeret,
1112 2399 1146 2452 et

72 2484 112 2552 de
131 2485 212 2570 illa,
249 2508 317 2551 non
345 2485 385 2549 de
412 2485 476 2549 hac
503 2484 623 2550 certari
645 2485 779 2550 diceret.
836 2483 952 2570 Quid?
980 2485 1066 2572 quod
1088 2511 1145 2554 eo-

72 2608 166 2671 rum,
207 2610 290 2673 quae
320 2585 528 2652 Philoctemo
560 2585 630 2674 ipse
658 2584 852 2671 reliquerit,
892 2586 986 2650 nulla
1017 2589 1055 2653 fit
1084 2610 1146 2676 per

71 2700 175 2756 totam
188 2688 372 2754 orationem
386 2685 533 2772 mentio,
562 2685 630 2752 nisi
651 2685 704 2752 his
719 2685 847 2751 duobus
866 2685 971 2752 locis:
998 2686 1146 2775 primum
1207 2756 1219 2763 ,

73 2786 108 2879 ἦ.
131 2790 189 2873 36,
210 2788 269 2855 ubi
289 2788 496 2872 Androcles,
525 2788 605 2855 vivo
633 2786 734 2854 etiam
754 2801 828 2852 tum
847 2785 1070 2867 Euctemoue,
1101 2791 1144 2856 ab

71 2890 232 2959 archonte
252 2892 434 2979 postulasse
455 2888 595 2966 dicitur,
627 2904 664 2954 ut
684 2888 784 2955 Alces
806 2887 972 2972 filiorum,
1002 2913 1145 2975 quorum

70 2994 216 3063 alterum
237 3016 256 3058 a
277 2992 527 3059 Philoctemone
549 2991 739 3079 adoptatum
759 2987 975 3056 simulaverat
996 2989 1047 3077 (ᾖ.
1069 2988 1144 3080 44),

66 3092 272 3187 patrimonia
294 3095 518 3175 elocarentur;
549 3114 747 3179 quamquam
768 3092 832 3156 hoc
852 3092 949 3177 quale
968 3091 1081 3177 fuerit,
1107 3094 1146 3163 in

67 3194 312 3264 commentario
334 3196 374 3260 ad
403 3195 439 3283 §.
460 3196 505 3260 36
525 3207 726 3282 exponetur3
762 3192 880 3257 deinde
902 3191 938 3278 ᾗ.
959 3190 1005 3260 47
1015 3218 1026 3262 a
1062 3192 1146 3260 οἷὀν-

66 3321 126 3365 ται
146 3298 230 3375 δεῖν,
258 3293 442 3382 ἀφελόμενοι
472 3293 531 3371 τὰς
551 3290 751 3378 Εὐκτήμονος
780 3292 960 3379 θυγατέρας
985 3293 1044 3372 τὰς
1072 3320 1146 3380 γνη-

67 3398 146 3474 σίας
166 3398 219 3462 καὶ
246 3397 320 3474 τοὺς
340 3399 373 3463 ἕν
393 3394 513 3463 τούτων
540 3395 717 3483 γεγονότας,
747 3391 802 3460 τόν
823 3417 856 3459 τε
876 3391 1077 3478 Εὐκτήμονος
1098 3392 1142 3462 oi-

66 3496 278 3567 auranitis
301 3496 534 3583 Φιλοκτήμονος
561 3498 647 3581 ἔχειν.
690 3496 827 3565 Scilicet
851 3494 882 3563 si
902 3496 1047 3585 pupillos
1068 3521 1145 3566 suos

71 3601 258 3671 adversarii
287 3602 454 3687 legitimos
475 3599 687 3667 Euctemonis
716 3597 803 3665 filios
829 3598 1042 3687 probassent,
1075 3599 1145 3665 fra·

71 3702 135 3770 tris
156 3726 224 3769 non
253 3703 386 3787 minus,
420 3704 539 3793 quippe
559 3699 721 3785 intestati,
754 3712 792 3764 ut
816 3697 872 3763 illi
893 3698 1144 3787 contendebant,

75 3826 175 3892 quam
201 3803 306 3892 patris
336 3805 501 3871 hereditas
529 3803 571 3870 ad
601 3805 663 3869 hos
689 3797 913 3890 pertinuisset.
963 3795 1031 3867 Sed
1062 3796 1149 3867 alibi
1190 3844 1192 3851 ·

110 3976 140 4045 ⁸)
158 3976 244 4050 Quod
268 3973 441 4031 Bunsenius
463 3991 495 4045 p.
521 3973 625 4041 21sq.
652 3973 771 4041 patrem
792 3965 851 4024 filii
876 3967 1020 4024 heredem
1048 3967 1145 4027 fuisse

143 4058 268 4124 statuit,
290 4059 418 4130 ideoque
427 4056 616 4114 Euctemouis
630 4057 711 4110 bona
728 4052 789 4109 dici
802 4069 880 4124 quae
893 4052 1146 4112 aPhiloctemoue

142 4142 250 4221 relicta
274 4149 398 4215 essent,
428 4149 510 4201 recte
534 4139 683 4199 refutavit
705 4135 838 4198 timaim
862 4138 901 4195 de
924 4134 982 4207 jur·
1010 4138 1148 4197 heredi

91 4288 109 4319 -’
143 4229 255 4301 ”⁶³⁶²
901 4288 946 4357 οι
