2632 4800
336 343 402 415 ns
423 343 635 459 mamm
655 320 977 419 nassonem.
1064 438 1069 448 Ι,
1129 351 1204 448 467Ι
1219 314 1247 441 ,ᾗ

113 512 187 604 jud.
209 538 245 604 p.
266 515 342 582 72³.
374 504 525 583 Plataea.
546 515 582 582 ll
607 540 641 604 p.
663 516 761 591 315.Ι
794 512 914 583 Paullo
945 518 1042 606 plura
1063 519 1105 586 da
1126 521 1190 587 hae
1261 528 1263 533 ’

112 616 189 704 ipsa
218 614 278 682 lite
302 633 483 684 narrantur
514 641 534 683 a
554 617 780 684 Demosthene
801 633 862 684 etr.
885 617 1024 685 Macart.
1046 644 1079 708 p.
1105 623 1192 690 1052

112 742 186 805 sq.,
217 718 305 785 unda
327 718 485 786 discimus
511 733 625 784 contra
647 713 930 808 Phylomachenj
952 719 1128 789 Eubulidis
1150 727 1191 789 fi·

111 819 214 904 liam,
246 832 377 916 praeter
399 818 556 910 ,Hagniaa
588 835 747 904 matram,
781 819 874 912 cujus
904 818 1017 888 Isaeus
1048 823 1190 890 mentio·

112 938 192 987 nem
219 922 319 1006 facit,
359 921 601 1005 Demosthenes
630 921 769 1007 omittit,
805 937 902 1008 atque
932 922 1188 1011 Theopompum
1303 963 1307 972 ,

110 1036 265 1089 nostrum
284 1022 417 1113 petiisse
438 1023 538 1089 etiam
552 1016 757 1090 Glauconem
778 1021 912 1110 ejusque
932 1026 1070 1089 fratrem
1083 1025 1188 1093 Glau-

112 1147 191 1189 cum
203 1139 309 1221 ⁴atque
329 1125 434 1192 alium
465 1124 628 1212 quendam
649 1129 712 1190 τῶν
732 1122 927 1208 irremissus,
954 1122 1185 1214 Eupolemum.

110 1224 177 1292 His
192 1226 345 1293 omnibus
358 1241 512 1315 quattuor
525 1227 650 1293 sitellas
662 1224 785 1315 positas
796 1226 899 1292 fuisse
912 1224 991 1291 dicit
1003 1238 1037 1316 p.
1054 1228 1150 1311 1053,
1165 1231 1188 1293 3
1276 1287 1299 1311 ,-.

111 1351 211 1415 quem
232 1352 408 1407 numerum
431 1328 488 1416 qui
515 1342 707 1418 corruptum
729 1351 800 1394 esse
821 1342 853 1394 et
884 1326 971 1392 πέντε
989 1351 1059 1417 pro
1077 1326 1188 1394 τεττὰ·

113 1452 178 1512 ρων
199 1430 447 1496 rescribendum
468 1430 691 1513 crediderunt,
719 1429 818 1496 Petit.
840 1429 911 1496 LL.
925 1429 998 1496 Aa.
1021 1454 1055 1519 p.
1069 1428 1135 1495 423
1155 1445 1187 1496 et

81 1534 86 1539 ’
111 1530 264 1599 Platner.
286 1532 313 1598 l.
336 1532 382 1616 1.,
410 1533 471 1598 hos
494 1556 556 1623 ego
577 1531 851 1598 inconsideratius
871 1530 1034 1621 judicasse
1047 1529 1185 1597 nc'ensao.

111 1631 239 1720 Nempe
261 1647 491 1720 compntarunt
512 1633 549 1714 hi
570 1657 626 1705 eos
648 1632 705 1719 qui
726 1656 745 1698 a
762 1632 987 1699 Demosthene
1008 1632 1188 1698 nominan-

111 1748 187 1818 tur,
216 1733 273 1821 qui
291 1757 368 1813 sane
386 1747 463 1799 sunt
484 1749 655 1821 quattuor,
682 1734 793 1821 iisque
810 1733 960 1822 quintam
986 1733 1187 1799 adnumera·

111 1849 192 1902 runt
204 1834 456 1925 Phylomacheu
473 1835 712 1903 adversariam.
731 1884 735 1899 1
756 1835 883 1902 Verum
907 1835 953 1900 ita
978 1835 1077 1900 etiam
1093 1851 1187 1902 sexta

111 1935 362 2003 adnumeranda
382 1935 498 2002 fnisset
517 1935 672 2025 Hagniae
692 1951 817 2023 mater,
843 1930 924 2036 licet
945 1934 1044 2025 hujus
1060 1935 1187 2003 Demo·
1235 1981 1237 1984 -

110 2037 265 2122 sthenes,
296 2059 367 2104 ram
399 2038 533 2106 brevius
555 2038 803 2129 perstringens,
837 2039 958 2106 diserte
978 2061 1047 2104 non
1067 2038 1188 2104 memi-
1249 2092 1256 2104 ,

108 2137 222 2220 nerit3
259 2162 338 2208 nam
365 2141 601 2229 huncquoque
624 2141 738 2208 eodem
768 2140 892 2232 judicio
920 2157 1035 2208 contra
1056 2139 1187 2232 Phylo-

108 2241 254 2308 machen
283 2248 314 2308 et
340 2258 464 2309 ceteros
486 2244 526 2308 da
547 2243 610 2308 lilii
632 2243 683 2308 sui
711 2242 891 2309 hereditate
907 2259 1053 2308 ,certasse
1073 2258 1186 2309 nostra

108 2341 220 2410 oratio
250 2342 465 2410 demonstrat.
515 2343 606 2428 Quid
635 2343 765 2431 igitur?
796 2367 876 2408 uum
897 2344 983 2409 sorte
1009 2341 1043 2418 i}
1065 2344 1187 2410 rescri-

106 2443 259 2512 bendum
280 2457 432 2534 putamus
452 2467 514 2530 pro
535 2439 714 2526 vanipert?
745 2442 887 2508 Minime
902 2443 936 2507 id
957 2445 1108 2529 quidem5
1129 2450 1185 2511 sed
1208 2479 1213 2490 =

107 2567 232 2613 sanum
253 2560 349 2632 atque
375 2544 612 2634 incorruptum,
626 2543 862 2611 Demosthenis
882 2544 994 2609 locum
1016 2567 1085 2610 essa
1106 2567 1186 2609 con·

107 2647 224 2714 tendo.
267 2645 354 2714 Nam
376 2648 439 2713 hoe
461 2647 595 2734 quidem
615 2645 694 2712 satis
715 2645 925 2736 perspicuum
946 2659 1011 2730 est,
1042 2644 1187 2712 Glaueo-
1250 2658 1253 2665 '

108 2749 166 2816 nis
193 2763 225 2815 et
253 2747 371 2815 Glauci
393 2772 525 2815 eausam
554 2748 763 2837 conjunctam
791 2747 927 2843 fuisse,¹
949 2770 1052 2834 quum
1081 2749 1187 2814 frater

108 2865 250 2936 uterque
280 2865 365 2916 esset
385 2850 539 2938 Hagniae
568 2849 739 2934 uterinus,
768 2850 966 2937 quamquam
988 2848 1187 2937 utrumhoo

109 2942 157 3019 an
178 2951 254 3018 alio¹
267 2951 422 3039 quopiam
450 2953 547 3019 tltulo
574 2953 790 3018 hereditatem
811 2951 985 3041 petierint,
1016 2973 1087 3017 non
1105 2972 1187 3016 eon·
1235 3006 1238 3010 .
1259 2948 1264 2961 ¹

109 3051 229 3139 staff)
272 3052 492 3142 Eupolemum
515 3068 624 3120 autem
646 3054 711 3120 sihi
731 3053 797 3143 ipsi
816 3052 1032 3120 hereditatem
1053 3051 1188 3141 petiisse
1272 3049 1275 3055 ’

79 3151 152 3241 [aa
173 3177 240 3219 nou
267 3156 377 3244 potius
398 3155 477 3222 illos
497 3158 553 3223 vel
582 3155 771 3222 testimonio
792 3178 852 3222 suo
872 3154 927 3220 vel
955 3152 1105 3220 oratione
1127 3153 1187 3219 ad·
1273 3220 1276 3225 ,

79 3252 254 3348 ·juvisse,
291 3257 378 3323 nihil
406 3273 454 3323 est
483 3258 570 3344 quod
604 3257 736 3324 credere
768 3256 914 3323 suadeat.
968 3253 1082 3342 ltaque
1105 3254 1186 3321 duas

107 3371 240 3422 tautum
268 3357 428 3431 hahemus
459 3360 544 3449 apud
567 3357 827 3426 Demosthenem
853 3356 1027 3447 petitiones
1043 3356 1187 3449 ›Phylo-

109 3456 250 3543 machae
271 3459 472 3547 oppositas,'
490 3462 629 3526 alteram
651 3460 881 3550 Theopompi,
909 3460 1048 3524 alteram
1080 3458 1185 3524 Glau-

108 3557 204 3625 e'onis
226 3574 257 3625 et
279 3557 417 3644 Glauci3
453 3561 549 3628 tertia
568 3561 806 3651 suitflagniaa
825 3560 954 3627 matris.
997 3558 1061 3626 His
1082 3559 1187 3646 igitur
1252 3592 1255 3601 ·

108 3659 143 3728 ai
164 3659 419 3729 adnumeremus
445 3662 552 3753 ipsam
573 3664 848 3758 Phylomachen,
876 3676 1011 3751 apparat
1033 3676 1185 3747 quattuor

110 3761 237 3829 sitellas
266 3765 434 3852 ponendas
459 3767 575 3834 fluisse.
597 3803 641 3817 --
679 3764 835 3833 Getarum
862 3762 942 3829 uitat
962 3777 1112 3841 nostrum
1133 3763 1185 3828 lo·

81 3862 86 3867 ’
110 3887 189 3929 uum
210 3862 431 3952 Harpocratio
451 3892 485 3935 v.
508 3868 664 3954 καδίσκος.
758 3880 761 3885 ’

148 4034 176 4105 ⁶)
196 4036 378 4091 Glarsconem
404 4034 496 4092 etiam
519 4041 589 4092 ante
611 4035 689 4093 hane
711 4032 795 4090 litam
817 4031 1019 4091 hereditatem
1035 4048 1076 4089 ax
1093 4037 1184 4089 testa·

107 4147 129 4183 ·,
180 4127 283 4175 mento
308 4118 451 4192 petiisse,
474 4122 528 4177 sed
547 4121 660 4175 victum
682 4133 749 4176 esse
772 4135 791 4173 a
806 4119 1012 4192 Phylomache
1030 4124 1061 4174 et
1082 4119 1185 4174 isaeus

179 4212 285 4262 narrat
309 4205 375 4274 §.9
398 4211 427 4259 at
452 4205 609 4261 Dernosth.
634 4220 666 4275 p.
685 4203 777 4275 1051,
800 4205 844 4257 17.
884 4203 921 4257 Id
942 4200 1038 4275 igitur
1054 4201 1092 4259 ad
1109 4201 1185 4260 haue

180 4304 263 4361 rein,
289 4290 327 4346 de
345 4306 403 4360 qua
419 4305 502 4345 neure
519 4288 657 4363 agimus,
679 4285 758 4344 nihil
773 4285 918 4359 pertinet.

902 4355 983 4424 30*
