2632 4800
138 238 200 292 ‘⁸
286 290 351 359 nn
370 284 685 357 nmunoonrus
705 264 1026 360 ununnulnn.
1128 292 1194 359 aas

89 452 254 549 flagitiis
274 460 461 552 indulgeat3
490 481 526 524 se
547 471 662 524 contra
683 457 889 549 majoresque
909 482 987 526 suos
1008 461 1131 551 optime
1152 462 1194 531 da

89 576 151 624 re
175 562 305 651 publica
328 560 465 628 meritos
487 584 567 626 esse.
887 630 890 651 Ι
1056 635 1060 653 ι
1117 626 1120 634 ,

201 663 377 752 Proposito
392 662 552 728 orationis
571 675 767 747 argumento
778 660 892 749 paucis
907 660 1007 743 etiam
1029 663 1069 729 de
1090 679 1193 732 stem·

89 778 206 832 mate
228 765 407 831 dicendum
428 779 497 848 est,
525 764 612 850 quod
631 763 791 829 facilioris
812 763 1109 832 intellectuscausa
1132 768 1192 833 ad·

89 853 300 934 limandum
320 864 447 956 putavi.
499 864 714 953 Descriptum
736 863 899 955 ejusmodi
927 878 1067 931 stemma
1088 868 1192 935 habe·

89 982 192 1036 Qus
224 968 326 1035 etiam
347 991 367 1033 a
389 967 528 1033 Reiskio
557 982 588 1031 et
609 965 766 1047 Jonesi03
796 966 853 1031 sed
876 967 917 1031 ab
937 981 1076 1054 utroque
1098 993 1220 1065 erra-u
1262 957 1269 981 '

89 1081 186 1139 *Ilm
198 1080 247 1136 est
259 1070 297 1135 in
307 1093 359 1154 eo,
381 1070 467 1156 quod
479 1069 685 1152 Proxenum‚
707 1067 929 1153 Dicaeogenis
948 1069 1038 1134 tertii
1048 1082 1189 1159 patrem,

89 1158 254 1238 fratrem
270 1173 419 1237 fecerunt
429 1170 606 1236 Menexeni
620 1171 739 1259 primi,
762 1185 916 1258 patruum
929 1169 1039 1257 itaquo
1053 1172 1190 1237 secundi

89 1256 348 1359 bicasogenis.
399 1270 464 1339 Sed
486 1272 644 1339 Reiskius
666 1272 800 1358 quidem
831 1294 981 1337 errorem
1001 1294 1098 1338 suum
1119 1271 1190 1361 ipse

89 1376 253 1459 *gnevit
283 1375 319 1440 in
340 1374 429 1441 notis
450 1375 492 1439 ad
522 1399 555 1462 p.
580 1374 655 1452 117,
685 1378 718 1452 ᾗ.
741 1366 785 1437 47
805 1388 911 1439 nostr.
934 1370 985 1439 ed.
997 1418 1010 1452 ,
1033 1388 1066 1440 et
1086 1372 1189 1442 Jone·

89 1469 183 1542 *ius
200 1500 330 1564 quoque
346 1475 473 1541 dubitat
494 1491 582 1541 certe
603 1474 643 1540 de
664 1473 847 1540 stemmatis
867 1474 1083 1542 sciveritate.
1121 1475 1189 1543 Le-

89 1582 238 1669 {natm
267 1578 355 1645 enim
387 1584 421 1658 d.
444 1574 488 1642 47
517 1577 598 1642 haee
625 1576 748 1643 verba:
786 1579 911 1660 πρῶτον
939 1575 997 1658 μὲν
1024 1576 1083 1663 γὰρ
1106 1578 1188 1644 dtas

89 1692 227 1764 aluam
257 1679 438 1766 alloquitur
470 1693 602 1763 orator,
634 1677 864 1762 Dicaeogenes
894 1677 1011 1745 tertius
1033 1681 1096 1767 est)
1118 1680 1188 1746 ἀντὶ
1246 1763 1248 1769 Ι

89 1785 169 1864 Γῆς
189 1783 310 1847 ἐκείνων
342 1781 390 1866 (h.
414 1804 443 1848 e.
466 1784 527 1845 τῶν
547 1781 612 1845 σῶν
632 1777 806 1864 προγόνων)
837 1776 930 1862 δόξης
951 1778 1008 1862 τὴν
1034 1776 1187 1868 ἡμετέραν
1271 1832 1275 1839 2

89 1881 220 1948 beator
242 1879 437 1966 eudociados,
466 1883 518 1947 καὶ
540 1879 717 1965 ἐβουλήθης
736 1885 856 1961 μᾶλλον
877 1881 1098 1965 Δικαιογένους
1120 1882 1186 1969 (sa-

89 1985 210 2051 Qundi
221 1983 461 2072 Dicaeogenis)
477 1989 641 2048 καλεῖσθαι
656 1981 754 2066 *dicii
768 1979 932 2068 Ἁρμοδίου
950 1980 1184 2068 [ἀπόγονος]-,

89 2094 193 2173 quae
215 2087 391 2152 manifesto
412 2087 658 2169 demonstrant,
686 2083 907 2169 Dicaeogenis
928 2084 1019 2151 tertii
1040 2109 1079 2152 ac
1099 2086 1186 2154 Pro·

89 2186 191 2254 &eni
218 2190 355 2276 stirpem
384 2189 425 2253 ab
446 2187 633 2255 Harmodlo
665 2186 726 2252 illo
757 2185 945 2275 Hipparchi
972 2187 1185 2256 interfectore

89 2289 274 2376 *originem
295 2290 457 2372 traxisse,
485 2289 707 2376 Dicaeogenis
728 2289 865 2354 secundi
886 2303 995 2354 autem
1017 2305 1049 2355 et
1071 2290 1186 2359 Mena·
1207 2350 1209 2354 Α

90 2391 191 2457 :eni
212 2393 348 2480 stirpem
369 2416 437 2457 non
457 2392 558 2457 fuisse
579 2394 620 2458 ab
634 2387 817 2456 Harmodio
840 2389 1037 2461 oriundamt
1067 2417 1183 2480 quam·
1254 2476 1257 2483 ἱ

103 2494 224 2559 obrem
245 2494 364 2559 fratres
386 2517 455 2559 esse
487 2516 556 2557 non
576 2506 753 2581 potuerunt
774 2492 947 2558 Proxenus
970 2508 1002 2559 et
1022 2495 1184 2562 Menexe-

104 2618 182 2660 nus.
247 2592 461 2660 Probabilior
488 2594 597 2679 itaque
628 2610 676 2657 cst
708 2595 790 2658 haec
817 2593 950 2659 Reiskii
981 2594 1182 2685 conjectura,

107 2696 303 2769 Proxenum
334 2698 370 2760 in
398 2693 611 2761 matrimonio
639 2694 793 2759 habuisse
813 2693 990 2759 Menexeni
1019 2714 1181 2782 sororem,

107 2797 328 2884 Dicaeogenis
356 2798 492 2862 secundi
520 2796 680 2880 amitam,
716 2811 754 2860 ut
781 2795 921 2883 proinde
951 2794 1181 2884 Dicaeogenes

106 2898 223 2965 tertius
245 2898 344 2986 hujus
357 2898 461 2986 patris
482 2898 535 2964 sui
557 2896 704 2986 adoptivi
720 2897 864 2963 naturali
880 2898 1073 2985 cognatione
1095 2902 1181 2966 ami·

106 3001 195 3066 tinus
217 3001 329 3065 fuerit.
373 3000 464 3065 Haec
479 3000 585 3064 ¹etiam
595 2999 743 3065 Platneri
763 2999 925 3065 sententia
947 3023 1017 3066 esse
1034 3001 1179 3087 videtur,
1203 3055 1205 3062 .

107 3102 226 3189 quide
254 3102 305 3167 lit.
341 3116 372 3167 et
393 3115 455 3167 act.
479 3101 513 3167 ll
535 3127 567 3190 p.
591 3103 656 3167 278
677 3101 922 3187 Dicaeogenem
943 3103 1078 3169 tertium
1099 3126 1180 3170 con·
1238 3128 1240 3133 ·

105 3202 279 3270 sobrinum
308 3204 641 3288 (Gescltwa'aterka'nd)
667 3218 765 3271 vocat
791 3203 861 3294 ejus
890 3205 1060 3289 mulieris,
1095 3229 1179 3292 quae

104 3319 212 3370 mater
234 3320 303 3370 erat
313 3303 539 3392 Cephisodoti,
561 3328 657 3372 soror
674 3304 1010 3394 autemDicaeogenis
1031 3308 1178 3374 secundi.

103 3404 180 3471 Nou
202 3406 293 3471 enim
323 3408 389 3473 alio
412 3431 509 3474 sensu
530 3407 763 3473 consobrinum
793 3430 870 3474 eum
892 3408 1017 3475 dixisse
1045 3430 1177 3494 censeo,

104 3524 205 3593 quam
225 3521 263 3572 ut
284 3508 460 3575 amitinum
482 3509 692 3594 significaret.
742 3509 782 3574 ln
804 3510 876 3598 ipsa
895 3516 1007 3577 tamen
1028 3510 1178 3576 oratione

101 3609 235 3674 nullum
250 3622 298 3674 est
310 3624 437 3677 certum
452 3612 528 3678 talis
545 3611 750 3698 cognationis
766 3611 956 3703 indicium.3
981 3609 1067 3678 Nam
1089 3611 1176 3698 qnod

101 3708 140 3796 ᾖ.
165 3710 208 3775 10
226 3709 453 3799 Dicaeogenes
474 3715 590 3779 tertius
612 3710 766 3797 ἐγγυτάτω
786 3714 892 3797 γένους
911 3712 1034 3777 dicitur
1050 3710 1176 3801 cephi-

100 3811 236 3895 sodoto,
266 3813 431 3879 incertum
452 3830 500 3881 est
528 3830 641 3880 utrum
661 3830 809 3880 materna
832 3838 875 3879 an
894 3830 1030 3902 paterna
1052 3838 1176 3901 cogua-

99 3911 149 3978 tio
181 3913 387 3999 designetur3
419 3929 450 3980 et
481 3923 515 3996 ᾗ.
538 3919 581 3984 14
607 3917 652 3981 ita
680 3916 827 4001 loquitur
854 3932 983 3999 orator,
1015 3929 1053 3980 ut
1073 3940 1175 4007 appa·

99 4029 190 4098 reat,
211 4039 272 4104 per
287 4018 516 4103 cognationem
535 4020 665 4083 nullum
686 4016 978 4103 huicDicaeogeni
997 4017 1050 4107 jus
1070 4019 1174 4085 fuisse

98 4114 138 4180 in
165 4117 255 4182 bona
276 4120 483 4204 cognominis
514 4120 585 4201 sui3
618 4143 661 4184 ex
687 4141 751 4205 quo
781 4134 891 4184 tamen
912 4118 1001 4184 nihil
1021 4119 1088 4186 nisi
1108 4121 1173 4185 hoo

99 4216 259 4303 efficitur,
291 4222 505 4288 remotiorem
526 4221 627 4288 luisse
647 4221 765 4304 illum,
799 4244 899 4308 quam
919 4236 1064 4288 actorem
1084 4219 1172 4310 ejus·
