2632 4800
485 1225 536 1282 1u
559 1222 854 1322 inscissura
990 1192 993 1197 ’
1081 1184 1101 1301 'j

237 1406 625 1481 ouaulouss
655 1410 784 1482 ruo
816 1388 1106 1481 uuuou'n

132 1667 233 1753 llaec
249 1702 381 1770 quoque
396 1682 463 1750 duo
478 1682 664 1772 fragmenta
679 1694 797 1750 extum
808 1681 897 1771 apud
909 1678 1119 1773 Dionysium
1134 1677 1208 1760 l.l.‚

101 1856 107 1875 ,
135 1786 278 1852 alterum
298 1810 333 1875 p·
354 1786 420 1854 598
441 1786 551 1873 (315),
579 1787 721 1852 alterum
741 1810 779 1876 p.
799 1787 864 1852 6⁰7
885 1785 1000 1870 (329)·
1028 1798 1131 1868 utquc
1150 1781 1208 1847 boo

135 1887 299 1978 posterius
321 1886 401 1953 lieet
418 1886 605 1978 Dionysius
627 1912 673 1954 ex
700 1888 816 1954 eadem
836 1886 986 1953 oratione
1001 1883 1210 1974 desumptum

137 2013 210 2057 esse
231 2012 300 2055 non
313 1988 419 2067 dicat,
450 2010 505 2054 res
525 2002 637 2056 tamen
657 1990 731 2079 ipsa
750 1988 901 2055 indidem
912 1985 1208 2056 essedemomtrat·

137 2090 300 2158 Defendit
330 2103 440 2179 autem
468 2089 532 2156 bac
558 2115 594 2157 se
621 2091 772 2159 oration
799 2105 891 2158 tutor
910 2104 1027 2156 contra
1048 2088 1207 2154 actionem

42 2276 47 2283 ι
136 2194 259 2259 tutelae
292 2191 395 2278 (δίκην
424 2189 603 2278 ἐπιτροπῆς)
636 2217 656 2260 a
685 2190 841 2285 pupillis,
873 2191 987 2259 fratris
1018 2214 1056 2258 v.
1090 2185 1208 2257 sororis

136 2292 239 2378 filiis,
264 2292 331 2384 ipsi
351 2292 524 2361 intentam.
566 2295 680 2363 Priori
699 2298 887 2384 fragmento
901 2292 1118 2381 prooemium
1138 2314 1208 2356 con·

136 2395 280 2463 tineturt
311 2397 453 2462 alterum
475 2395 768 2484 adprobationem
782 2396 937 2488 pertinet.
981 2393 1084 2480 Quod
1107 2406 1209 2458 autem

122 2496 326 2591 'Dionysius
355 2511 498 2565 tutorem
524 2497 563 2564 in
592 2498 646 2590 jus
671 2515 827 2568 vocatum
855 2521 926 2564 esse
952 2495 1032 2562 dicit
1062 2492 1128 2561 uua
1155 2496 1209 2559 τῶν

137 2597 336 2686 ἀδελφιδῶν,
363 2623 466 2688 quum
486 2592 893 2689 in'utroque'srsgmento
912 2622 1000 2666 uuus
1021 2611 1154 2663 tantum
1173 2592 1209 2660 sit

139 2699 357 2786 &diloricata
381 2701 554 2790 probabile
575 2717 624 2768 est
643 2704 756 2793 plures
777 2703 911 2789 quidem
930 2700 1033 2767 fuisse
1055 2699 1209 2789 pupillos,

139 2802 196 2868 sed
225 2803 267 2867 ab
295 2825 363 2868 uuo
394 2817 542 2884 tantum,
576 2820 657 2870 natu
683 2804 852 2888 maximo,
888 2801 946 2889 qui
975 2802 1087 2869 soluta
1116 2800 1211 2866 tutela

140 2903 311 2969 minorum
333 2900 438 2990 κύριος
458 2905 564 2971 factus
585 2921 686 2991 esset,
715 2922 858 2973 tutorem
880 2919 1070 2971 accusatum
1092 2926 1176 2970 ease.

224 3004 377 3071 Primam
398 3006 572 3096 periodum
585 3007 868 3096 corruptissimam
889 3031 959 3073 esse
976 3018 1133 3094 apparet,
1160 3025 1213 3069 ne·

141 3129 205 3193 que
218 3106 298 3172 satis
314 3122 403 3173 certa
421 3108 607 3175 emendatio
623 3108 722 3175 facile
736 3109 879 3198 reperiri
893 3122 1009 3199 potest.
1038 3105 1214 3173 Reiskium

142 3207 296 3294 quidem,
327 3209 415 3295 quod
441 3209 515 3301 jure
536 3210 689 3295 mireris,
716 3210 754 3277 in
773 3210 881 3302 priori
901 3210 1054 3301 membro
1083 3203 1213 3292 ἠβουλό-

140 3334 205 3392 μην
225 3344 327 3360 --
347 3307 508 3394 λαγχάνειν
528 3311 617 3379 nihil
635 3312 770 3380 videtur
790 3311 967 3380 offendisse
992 3326 1133 3400 praeter
1153 3308 1211 3376 col·

140 3408 342 3478 locationem
367 3412 569 3481 verboruma
601 3434 682 3480 nam
712 3413 907 3499 ἀγνοηθέντα
932 3410 1150 3497 προσχήματα
1168 3410 1208 3476 iu·

142 3526 343 3600 terpretatur
372 3514 601 3581 criminationes
625 3529 777 3602 peccatos
797 3517 834 3583 h.
857 3538 887 3583 e.
916 3515 950 3581 in
971 3515 1088 3600 ossibus
1107 3532 1209 3602 pecto·

142 3624 210 3677 tom
229 3614 291 3696 sit3
320 3615 455 3702 αἰσχρῶς
475 3631 586 3684 autem
601 3632 744 3684 autenm
764 3618 836 3682 λίαν
855 3616 1132 3707 conjungendum
1154 3632 1210 3681 esst

143 3727 239 3799 putat
264 3729 322 3780 aut
342 3738 419 3783 cum
448 3716 673 3798 ἒπιβουλεύεινε
712 3720 769 3788 sed
795 3718 882 3786 illud
908 3717 1018 3808 potius
1039 3742 1163 3786 verum
1181 3733 1211 3778 at

144 3814 245 3903 proin
264 3816 365 3882 totius
385 3818 453 3884 loci
474 3821 671 3888 sententiam
685 3822 773 3889 banc
794 3845 884 3890 esser
913 3822 1024 3885 vellens
1044 3822 1155 3906 utique
1171 3816 1211 3880 io·

142 3914 247 3999 samio
269 3920 357 3983 nulla
377 3919 539 3988 mimium
560 3923 707 3990 laborare
727 3936 794 3988 tum
814 3946 910 4009 supra
925 3922 1052 3987 modum
1073 3920 1210 4008 implsu

148 4012 215 4082 Sed
242 4031 279 4082 ut
300 4017 340 4085 de
361 4020 438 4089 aliis
464 4023 564 4091 rebus
592 4023 824 4114 imprimisque
845 4025 886 4090 ‹le
906 4022 1058 4089 inaudita
1081 4022 1146 4090 ista
1165 4015 1212 4085 al·

147 4116 342 4186 verbiorum
362 4124 620 4212 transpositione
634 4143 761 4194 taceam
770 4173 784 4215 ,
816 4140 951 4218 apparet
964 4148 984 4193 a
998 4123 1145 4194 Reisltio
1163 4137 1213 4212 [πθ
