2632 4800
151 270 157 277 ’
215 306 326 381 “aa
346 310 951 393 assumar-ansanum.
1078 322 1145 393 αα

89 481 104 563 d
127 479 199 548 door
220 483 504 550 accommodatum
527 508 597 551 esse
618 502 752 575 apparet
772 511 833 577 per
853 490 1018 576 quandam
1038 490 1147 564 atta-tt?¹

89 582 219 650 donem.
463 596 465 601 ’
953 602 956 606 ’
1035 618 1038 623 ·

149 684 186 773 ξ’.
203 683 256 752 15.
280 689 325 775 τῷ
346 676 402 750 οὖν
423 684 463 750 ἂν
483 682 573 767 ὑμῶν
595 687 706 773 φανείη
728 685 858 768 πιστόν,
879 728 925 742 -
943 730 989 744 -·
1008 732 1054 771 -ῳ
1074 700 1142 774 πῶς
1190 664 1201 751 ¹.

89 791 174 852 αἀον
194 786 307 851 πιστὸν.
324 783 386 887 ἤδη
407 816 468 871 ——3
499 782 595 873 Quae
617 789 654 855 in
675 788 773 875 initio
793 791 963 879 proposita
986 809 1036 860 est
1053 788 1140 883 'apo-

89 888 169 972 osis,
183 888 436 974 interrogative
458 889 608 977 quidem,
642 904 679 956 ut
700 914 814 979 saepe,
840 894 990 982 prolato,
1024 897 1139 964 eadem
1237 915 1253 943 ⁵

89 993 183 1057 t‘line
195 989 325 1078 periodi
339 990 450 1057 verbis
462 993 648 1081 paullulum
669 991 852 1060 immutatis
874 994 1051 1083 repetitur,
1079 1022 1138 1063 cu.
1258 1024 1260 1029 ·

89 1116 110 1158 a
132 1091 266 1179 generis
283 1115 351 1157 non
373 1116 455 1158 rara
469 1107 546 1159 sunt
564 1093 649 1182 apud
672 1094 815 1183 optimos
830 1119 976 1182 quosque
996 1097 1137 1185 scripto·

89 1218 111 1259 u
125 1194 299 1284 exempla,
323 1193 497 1280 exquibus
512 1196 672 1260 nonnulla
691 1194 861 1282 Reisigius
878 1197 1032 1271 tractavit
1045 1197 1137 1281 (lone

89 1307 176 1361 ctau.
198 1321 232 1385 p.
255 1293 320 1361 314
340 1318 390 1381 sq.
433 1295 523 1362 Add.
546 1295 664 1364 Herm.
688 1295 858 1387 adSoph.
880 1297 977 1387 Ajac.
999 1322 1033 1366 v.
1056 1301 1133 1368 827.

89 1396 223 1463 ritzsch.
254 1395 391 1479 Quaerat.
414 1396 554 1464 Lucian.
583 1398 712 1487 pettit.
756 1397 916 1464 Mutanda
945 1399 1050 1485 igitur
1070 1402 1136 1470 fuit

89 1496 190 1565 eiskii
209 1497 451 1585 interpunctio,
481 1490 537 1585 qui
550 1524 652 1586 quum
674 1486 850 1565 terminari
868 1500 1043 1588 periodum
1065 1518 1134 1568 sta·
1222 1556 1225 1561 .

89 1615 163 1666 ‚eret
183 1600 219 1665 in
239 1599 352 1667 verbis
374 1599 538 1683 ἐθελοντήν
558 1625 592 1665 τε
613 1601 748 1694 dauleio,
775 1621 845 1666 non
861 1601 969 1688 potuit
989 1625 1058 1667 non
1080 1605 1133 1669 of·

89 1700 147 1766 ndi
176 1724 215 1767 eo
222 1746 234 1785 ,
270 1701 357 1788 quod
378 1725 465 1768 nova
488 1702 641 1788 deinceps
669 1700 824 1789 periodus
852 1716 920 1769 tam
941 1704 1078 1791 abrupte
1099 1719 1133 1770 et

89 1826 127 1868 ne
147 1803 219 1868 ullo
241 1802 482 1895 conjunctionis
498 1802 634 1869 viuculo
655 1790 886 1887 inchoaretur,
916 1806 1131 1891 quamobrem

89 1904 265 1971 ribendum
279 1904 383 1970 suasit
402 1905 502 1970 καίτοι
523 1904 578 1969 τὸν
600 1905 652 1968 καὶ
672 1900 810 1985 μάλιστα
831 1909 898 1972 κτλ.
941 1904 1038 1972 Nunc
1052 1931 1129 1972 mu·

89 2014 122 2071 ta'
141 2005 408 2092 interpunctione
422 2040 467 2058 -
486 2020 519 2073 et
538 2006 681 2074 mutavit
701 2004 769 2096 jam
790 2004 970 2074 Bekkerus
990 2008 1128 2077 -haec

89 2106 192 2185 lensio
213 2110 307 2174 nulla
329 2122 400 2175 est.
433 2106 532 2194 Quod
554 2123 666 2175 autem
686 2108 728 2175 ad
756 2103 923 2192 ἐθελοντήν
943 2109 1060 2175 attinet
1080 2125 1129 2176 est

89 2208 137 2275 nd
157 2210 364 2277 adverbium.
410 2209 508 2277 Gonl.
530 2209 682 2277 Lobeck.
705 2210 747 2274 ad
769 2208 957 2301 Phrynich.
980 2236 1013 2300 p.
1035 2211 1069 2278 5.
1092 2213 1125 2280 6.

89 2308 167 2383 cbk.
181 2310 310 2377 Anecd.
327 2309 383 2378 ΙΙΙ
403 2337 437 2400 p.
453 2313 548 2377 1368.
591 2311 635 2378 Et
656 2311 765 2399 magis
787 2312 887 2377 etiam
906 2312 1028 2407 fefellit
1045 2312 1126 2379 Rei-

89 2411 165 2478 ium
183 2412 280 2496 ratio,
311 2436 413 2499 quum
435 2412 681 2498 στρατευομένου
702 2426 764 2500 pro
785 2412 1056 2497 στρατευσαμένου
1069 2428 1126 2481 aut

89 2514 291 2598 τραπομένου
306 2514 449 2603 positum
469 2513 582 2579 statuit
595 2527 626 2578 et
641 2513 778 2578 omnine
798 2512 835 2579 in
856 2536 918 2578 usu
938 2528 1125 2602 temporum

89 2638 117 2680 ιιι
138 2616 317 2682 admodum
338 2615 517 2702 diligenter
536 2616 597 2680 hos
619 2614 819 2703 scriptores,
849 2615 886 2680 h.
909 2638 939 2680 e.
963 2631 1122 2701 oratores,

89 2740 118 2784 te
144 2718 346 2806 pronuntiat.
391 2715 457 2783 Sed
483 2718 565 2783 baec
598 2739 687 2781 nunc
714 2717 859 2781 refutare
879 2714 969 2782 nihil
990 2716 1121 2800 attinet;

99 2806 224 2905 similia
238 2820 306 2886 viri
326 2817 600 2908 praestantissimi
620 2816 744 2907 judicia
762 2816 887 2906 passim
909 2818 950 2882 ab
971 2816 1047 2882 aliis
1067 2842 1122 2884 re·

89 2920 209 2986 ehensa
232 2935 325 3004 sunt,
352 2922 484 2989 reluta
507 2916 686 2989 Schaefero
707 2919 749 2984 ad
771 2919 944 2987 Plutarch.
966 2935 1047 2985 tom.
1068 2919 1121 2987 lv

95 3024 174 3089 328.
197 3021 362 3088 -Recte
384 3037 494 3087 atatem
514 3021 550 3086 in
572 3024 636 3087 fine
656 3020 756 3112 hujus
778 3021 815 3107 ἦ.
831 3020 982 3086 codicum
1003 3021 1119 3088 lectio·

89 3128 122 3189 m
143 3128 189 3210 τῷ
209 3148 269 3214 pro
291 3123 347 3189 τὸν
368 3139 512 3213 spretam
533 3147 603 3188 esse
624 3115 756 3206 nemo,x
776 3121 912 3211 opinor,
942 3121 1118 3208 dubitabit,
1245 3186 1253 3195 ,

89 3225 111 3290 ri
138 3224 192 3290 eui
221 3227 305 3291 sorte
334 3225 560 3292 Bernhardius
589 3222 733 3316 Syntax.
761 3248 795 3313 p.
830 3224 894 3289 103
919 3226 1118 3312 persuaserit

89 3325 199 3393 :modi
227 3351 265 3392 ac
286 3351 460 3397 mensurae
489 3326 600 3392 nescio
627 3326 719 3416 cujus
733 3318 1005 3413 significatione,
1026 3350 1117 3413 ⁸quac

89 3450 152 3494 esse
173 3429 208 3494 h.
229 3429 255 3494 l.
278 3428 314 3493 in
336 3428 399 3494 isto
422 3428 533 3499 dativo
554 3429 686 3497 videtur
706 3427 781 3495 viro
803 3426 1011 3506 doctissimo,
1033 3451 1116 3514 quae

89 3552 155 3596 nen
176 3530 233 3617 qui
254 3530 430 3597 conveniat
444 3530 620 3597 universae
641 3530 707 3596 loci
724 3529 904 3596 sententiae
925 3552 1032 3615 neque
1053 3553 1116 3597 ex·

89 3629 150 3697 suit
171 3630 246 3715 ille,
283 3654 389 3719 neque
416 3657 482 3718 ego
510 3631 681 3719 intelligo,
715 3631 782 3707 nisi
806 3631 871 3697 hoc
891 3628 989 3696 video
1014 3632 1115 3720 longe

89 3755 174 3798 rersa
194 3735 235 3798 ab
257 3757 296 3799 eo
317 3734 503 3823 comparari
521 3758 622 3821 quum
641 3735 758 3799 afferat
777 3732 924 3822 primum
937 3731 1112 3822 Aristoph.

89 3847 131 3899 ut.
155 3831 221 3901 683
258 3839 304 3923 τῷ
333 3841 425 3901 τοῦτο
452 3836 583 3919 aphau
612 3834 679 3900 'ubi
709 3839 755 3921 τῷ
781 3849 830 3900 est
852 3830 911 3897 ro.
936 3830 1111 3917 πράγματα,

88 3935 118 3998 ln
132 3933 284 4002 Acharn.
307 3937 389 4014 711:
417 3942 464 4024 τῷ
483 3936 544 4021 γὰρ
564 3933 661 4018 εἰκός
689 3936 748 4001 ubi
769 3939 815 4022 τῷ
835 3934 963 4001 esteten
985 3922 1113 4020 ‹trood-

95 4082 113 4119 ,‚
135 4036 220 4101 sicut
246 4037 309 4104 hac
335 4037 407 4127 ipsa
432 4039 644 4128 paragrapho
672 4042 718 4124 τῷ
745 4028 800 4101 οὖν
820 4033 869 4100 dv
890 4033 979 4118 ὑμῶν
999 4037 1110 4122 φανείη

89 4133 170 4217 uda,-

122 4237 161 4326 §.
184 4239 237 4308 16.
268 4235 348 4304 ὥστε
374 4236 454 4305 πολὺ
480 4234 520 4322 δὴ
546 4243 671 4306 aanor
697 4237 894 4324 διαθέμενον.
916 4304 924 4322 ,
947 4234 1108 4326 Requirat
