2632 4800
72 267 173 334 eos
352 244 358 265 ¹
459 190 814 332 mommoleno
924 312 988 331 .,

108 436 253 514 λαβοῦσα
285 427 450 518 Παράλου.
510 429 542 497 οἳ
573 429 608 497 δὲ
644 424 856 512 ἐπιβεβηκότες
887 425 983 514 odric
1012 426 1184 495 ἐκαλοῦντο

110 531 256 622 Πάραλοι
270 535 316 619 (et
333 537 528 618 Παραλῖταο.
550 531 678 600 Pollux
689 530 787 619 VIII,
809 532 898 619 116).
942 529 1046 599 Plura
1061 530 1102 598 da
1119 531 1186 597 hac

110 636 234 707 Paralo
264 635 336 704 vid.
365 634 419 724 a'p.
443 631 539 701 Suid.
568 632 667 702 Phot.
695 632 781 700 Lex.
804 634 890 703 rhet.
912 626 1025 699 Bekk.
1046 656 1082 720 p.
1103 633 1185 717 267,

111 737 167 807 21.
188 739 265 820 293,
287 739 321 805 3.
343 735 420 814 294,
444 736 475 803 1.
499 732 615 815 Sehql.
637 733 680 800 ad
701 734 875 825 Aristoph.
895 733 966 805 Av.
987 731 1063 800 147.
1085 732 1185 799 1207.

111 840 200 909 Rau.
224 841 319 905 1103.
338 836 464 904 Meurs.
476 836 583 903 Lentt.
599 834 671 905 Au.
693 833 741 920 ll,
764 838 797 921 7,
820 850 852 902 et
872 835 930 923 qui
949 859 1037 902 unus
1051 849 1108 903 ‚est
1128 834 1186 901 in-

112 955 183 1008 star
202 939 353 1007 omnium
365 938 517 1007 Boeekh.
541 938 583 1023 de
604 960 718 1005 oecon.
730 937 784 1003 'rei
803 938 896 1027 publ.
911 936 995 1005 Ath.
1016 935 1035 1002 I
1054 961 1089 1025 p.
1105 935 1186 1019 258,

113 1042 172 1130 qui
193 1056 225 1107 et
246 1041 286 1107 de
307 1041 411 1107 altera
432 1063 526 1106 sacra
547 1038 694 1124 triremi,
727 1061 810 1125 quae
827 1037 929 1106 Delia
948 1063 984 1107 v.
997 1035 1187 1106 Salaminia

111 1144 318 1223 vocabatur,
351 1155 384 1208 et
411 1141 451 1207 de
483 1140 546 1225 iis,
578 1163 661 1227 quae
687 1154 761 1229 post
787 1152 1011 1226 aeomsernnt,
1042 1139 1189 1206 Ammo-

112 1244 213 1330 nide,
242 1242 470 1328 Antigonide,
502 1240 734 1326 Demetriade,
770 1240 976 1309 Ptolemaide
1009 1240 1190 1327 diligenter

115 1346 282 1435 exposuit.
325 1344 538 1413 Proeliorum
559 1352 628 1410 nou
648 1343 812 1410 immunes
826 1340 1045 1411 Salaminiam
1066 1357 1100 1409 et
1119 1341 1191 1410 Pa-

28 1436 49 1499 ·'
114 1451 226 1517 nalum
244 1446 346 1514 luisse
368 1446 570 1512 demonstrat
591 1444 692 1512 etiam
713 1444 929 1536 Thucydides
950 1443 1015 1526 111,
1035 1446 1091 1511 77.

118 1635 121 1643 Ι
199 1546 365 1635 μάρτυρας
387 1549 567 1635 παρέξομαο.
616 1544 684 1613 Hic
704 1569 832 1634 quoque
853 1547 987 1613 titulum
1008 1546 1194 1613 MAPTY*

115 1653 200 1719 ΡΕΣ
224 1650 388 1718 excidisse
418 1664 571 1739 apparet,
599 1648 793 1737 monuitque
813 1647 883 1740 jam
905 1647 1123 1717 Marklandua
1144 1647 1192 1716 ad

116 1752 201 1845 Lys.
225 1753 301 1820 adv.
326 1749 456 1817 Simon.
479 1775 511 1839 p.
534 1749 610 1817 144.

203 1854 241 1944 ἦ.
256 1858 291 1922 7.
313 1852 415 1919 οὐσῶν
426 1853 530 1920 δικῶν.
572 1849 620 1921 Η.
634 1875 665 1921 e.
679 1876 781 1939 quum
802 1866 858 1921 aut
870 1850 1001 1921 nullum
1022 1864 1079 1918 aut
1100 1863 1195 1921 nerto

117 1979 186 2023 non
206 1970 400 2045 perpetuum
417 1968 500 2021 esset
511 1952 687 2045 justitium.
729 1953 816 2022 Nam
832 1954 914 2021 balli
933 1969 1080 2043 tempore
1100 1950 1196 2042 judi·

118 2057 191 2142 cia,
227 2056 357 2147 privata
385 2055 570 2145 imprimis,
605 2076 734 2123 cessare
759 2078 999 2145 nonnunquam
1025 2054 1193 2129 solebant.
1220 2078 1224 2085 ·

73 2229 77 2237 ,
118 2157 200 2226 Vid.
224 2159 264 2223 de
287 2159 359 2224 ord.
382 2157 452 2250 jud.
475 2182 508 2246 p.
532 2156 608 2226 154.
1054 2184 1058 2189 ·
1117 2172 1129 2223 t

204 2256 265 2324 sind
297 2260 445 2335 Μέλανος
474 2263 531 2324 τοῦ
550 2257 736 2343 Αἰγυπτίου.
787 2258 974 2351 Aegyptius
1001 2257 1117 2326 siluit
1137 2254 1197 2327 hio

119 2362 243 2446 Melas,
272 2361 475 2448 inquilinum
498 2359 668 2449 (μέτοικον)
690 2362 833 2428 Athenis
855 2362 957 2430 fuisso
978 2374 1127 2450 oportet3
1161 2370 1196 2431 at

53 2536 55 2541 ,
121 2477 248 2539 constat
268 2462 451 2550 inquilinos
466 2487 493 2540 a
520 2462 627 2551 patria
649 2464 879 2551 cognominari
900 2462 1013 2530 solitos
1036 2484 1125 2551 esse,
1157 2471 1196 2525 ut

40 2582 43 2587 ’
101 2566 281 2656 'Hippiam
302 2563 489 2650 Thasium,
520 2563 777 2654 Xenophontem
799 2563 963 2648 Icarium,
993 2561 1195 2652 Thrasybu-

63 2716 67 2723 ,
120 2671 193 2738 lum
223 2666 467 2758 Calydonium,
499 2663 745 2754 Apollodorum
772 2665 1018 2755 Megarensem,
1054 2686 1197 2752 quorum

122 2769 248 2836 mentio
269 2771 307 2835 fit
327 2768 413 2858 apud
435 2767 575 2858 Lysiam
596 2768 635 2834 in
645 2769 786 2857 Agorat.
808 2794 842 2859 p.
855 2767 921 2835 477
942 2782 975 2833 et
994 2765 1076 2834 4922
1098 2767 1198 2833 item·

123 2895 187 2959 que
202 2869 425 2961 Cleonymum
445 2867 655 2955 Cretensem,
689 2872 746 2959 qui
766 2869 959 2936 nominatur
977 2868 1068 2934 infra
1090 2867 1128 2957 ἦ.
1142 2868 1198 2953 37,

5 3010 7 3015 <
121 2996 184 3062 pro
213 2971 381 3060 inquilino
409 2969 568 3037 Reislrius
598 2972 713 3056 hahet,
754 2972 894 3056 rectius,
930 2969 1069 3060 opinor,
1100 2992 1200 3055 quam

124 3073 212 3161 quod
245 3073 335 3139 idem
363 3086 475 3161 postea
505 3073 546 3137 ad
568 3073 745 3140 Demosth.
779 3075 819 3140 de
847 3096 961 3140 coron.
991 3097 1025 3161 p.
1046 3067 1125 3155 249,
1159 3069 1202 3137 13

122 3177 213 3242 hone
228 3171 450 3266 Cleonymum
464 3173 705 3241 Atheniensem
725 3174 827 3242 fuisse
849 3188 997 3241 autumat
1018 3196 1057 3240 ac
1078 3172 1206 3257 civem,

125 3300 189 3363 quo
212 3274 285 3363 quis
308 3274 431 3365 optimo
453 3273 545 3367 jure,
568 3275 830 3345 sedGretensem
849 3278 953 3364 vulgo
976 3274 1101 3342 dictum
1122 3296 1202 3363 pro·

33 3464 37 3469 ¹
123 3392 256 3466 pterea,
293 3376 379 3463 qnod
410 3375 448 3441 in
469 3373 567 3443 Creta
587 3378 772 3473 plurimum
803 3377 918 3446 aetatis
940 3376 1082 3467 egisset,
1118 3375 1205 3443 sieut

124 3479 172 3548 Τ.
204 3478 409 3567 Pomponius
443 3477 484 3543 ab
505 3476 650 3547 Athenis
679 3478 865 3566 cognomen
893 3466 1028 3568 accepit.
1074 3475 1201 3564 Quam·

126 3601 200 3666 qam
230 3579 268 3645 in
295 3578 355 3646 tali
390 3601 427 3648 re
460 3578 638 3670 quidquam
673 3575 837 3650 affirmare
864 3580 937 3670 quis
969 3577 1076 3659 ausiti
1112 3575 1201 3645 lllnd

125 3694 214 3761 eerte
236 3704 304 3746 non
325 3680 526 3765 verendum,
558 3704 600 3747 ne
622 3681 695 3768 quis
718 3698 871 3771 corrupta
899 3683 981 3748 haec
1003 3679 1201 3768 cognomina

11 3834 14 3841 .
126 3781 239 3846 credat
271 3798 303 3849 et
331 3805 391 3871 pro
411 3782 586 3865 Αἰγυπτίου
612 3807 648 3851 v.
677 3808 706 3852 e.
735 3783 899 3868 Αἶγιλιέως
926 3796 982 3849 aut
1015 3777 1201 3866 Ἆγνοοσίοο,

125 3904 188 3971 pro
210 3881 299 3968 Κρὴς
320 3897 430 3951 autem
451 3883 593 3967 Κριωεῦς
614 3885 864 3954 rescribendum
885 3884 1032 3967 suadeat.

212 3980 266 4068 ἐφ’
298 3979 355 4068 ὅλῃ
383 4016 438 4047 —-.
481 3981 521 4052 Si
551 4009 631 4053 vera
664 4003 713 4054 ast
738 3986 837 4056 laesio
858 4022 902 4040 —·
928 3997 962 4052 et
990 4006 1109 4073 veram
1136 4005 1203 4051 esso

96 4082 99 4087 ’
127 4106 244 4149 censeo
260 4118 303 4133 -·
319 4081 373 4168 ’sp'
398 4081 457 4170 ὅλῃ
479 4080 833 4176 (οο.οὗσ1ᾳ)ποιεῗσθαι
856 4111 900 4155 ex
920 4087 1067 4156 formula
1082 4085 1204 4169 dietum

126 4183 280 4264 videtur,
322 4204 522 4272 quamquam
559 4188 702 4256 alterum
735 4187 834 4281 hujus
872 4189 1083 4280 exemplum,
1120 4185 1205 4276 quod
