2632 4800
106 274 172 345 328
466 265 516 343 nt
544 262 828 340 salmom

108 444 340 531 προνοηθῆναι,
360 438 421 507 ubi
441 452 499 507 aut
509 435 711 529 ejiciendum
726 447 837 504 censet
858 429 922 521 dc,
953 445 1011 502 aut
1031 392 1190 501 scriben-

109 548 207 614 dnme
242 540 286 619 ὥς
306 538 387 618 elada
407 539 490 608 ἔστιν
510 539 580 620 luel
599 578 643 592 -
664 541 898 626 προνοηθῆναι,
928 534 1098 626 passivam
1119 533 1190 604 sci-

108 646 188 715 licet
213 642 489 730 significationem
516 640 598 709 buic
626 628 795 709 infinitivo
822 637 984 707 tribuens.
1038 635 1189 705 Leniore

109 747 161 816 ibi
187 744 352 812 medicina
381 742 560 811 Bekkerus
591 765 636 809 ex
662 740 793 829 Anger-i
823 739 985 807 sententia
1014 736 1189 829 rescripsit

67 876 69 881 ⁴
111 842 332 935 προονοῆθην,
352 844 388 912 id
408 846 494 933 quod
516 841 602 911 mibi
623 867 751 931 quoqne
771 865 891 912 verum
909 840 1059 925 videtur,
1081 864 1189 929 quum

111 972 181 1019 non
202 949 243 1015 ab
266 949 358 1012 εἰπεῖν
378 947 461 1014 Ιιιοο
481 946 645 1035 pendeant
665 944 722 1011 sed
744 966 765 1010 a
784 943 917 1023 πίστεις,
947 941 1001 1008 cui
1022 943 1189 1010 vocabulo

111 1048 318 1131 infinitivus,
346 1071 415 1114 non
441 1046 554 1114 addito
579 1045 776 1136 praesertim
803 1043 990 1112 accusativo
1021 1042 1096 1124 ἔμί,
1126 1044 1191 1109 du·

112 1152 184 1226 rius
205 1148 431 1243 subjungitur.
474 1146 541 1215 Sed
556 1163 633 1215 sunt
653 1147 713 1216 alii
730 1163 900 1238 praeterea
910 1144 977 1213 loca
983 1190 994 1230 ,
1016 1169 1076 1233 qm
1065 1144 1190 1212 'hunc

113 1267 265 1323 nostrum
286 1249 367 1318 satis
387 1249 576 1335 vindicent,
607 1274 714 1337 neque
730 1250 841 1316 solum
857 1240 970 1336 quales
988 1246 1189 1315 Matthiaeua

114 1353 227 1421 attulit
256 1374 310 1440 gr.
333 1350 395 1424 Gr
423 1376 457 1441 p.
481 1352 577 1437 1058,
610 1351 792 1439 quiquam
817 1350 905 1418 inter
929 1346 1132 1439 particulam
1159 1361 1237 1417 et.⁴

97 1453 321 1545 ,infinitivum
351 1451 548 1520 sententiam
578 1454 725 1541 aliquam
745 1454 801 1521 vel
829 1450 1016 1538 longiorem
1036 1451 1093 1519 vel
1113 1451 1237 1518 bra—

115 1555 247 1626 viorem
266 1554 476 1648 interjectam
493 1555 654 1640 babeant,
685 1553 859 1622 induxisse
879 1552 1058 1619 nonnullos
1071 1549 1237 1620 videu—

115 1673 191 1742 tur,
225 1671 263 1724 ut
289 1657 353 1722 hac
384 1670 514 1723 tantum
549 1681 588 1723 re
624 1655 721 1723 illam
754 1653 1000 1723 anacolutbiam
1037 1653 1233 1722 excusari

113 1782 214 1851 possa
234 1772 437 1842 statuerent,
472 1757 531 1824 sed
554 1757 680 1844 aliquot
701 1756 821 1842 etiam,
851 1756 909 1844 qni
928 1756 1019 1823 nihil
1039 1754 1133 1822 inter
1153 1751 1226 1836 ὥς

58 1860 66 1873 ”
118 1876 152 1928 ct
172 1858 397 1928 accusativum
418 1882 449 1926 ο.
470 1858 638 1927 infinitivo
658 1858 893 1949 interponunt,
920 1878 964 1924 ex
985 1880 1050 1944 qno
1073 1880 1205 1944 genere

117 1986 225 2031 unum
255 1959 462 2046 adscribam,
499 1952 655 2050 Xenopb.
688 1958 782 2029 Hell.
811 1957 876 2045 Vl,
903 1959 938 2045 5,
965 1956 1031 2028 422
1069 1959 1203 2041 stabo

118 2061 182 2149 χρὴ
203 2058 248 2140 ὥς
267 2061 386 2150 ἄνδρας
403 2060 547 2149 dyo-iotis
557 2066 676 2146 μᾶλλον
696 2061 717 2146 ἢ
738 2059 853 2138 rosade
870 2058 985 2137 αὐτοῦς
997 2058 1193 2147 γενήσεσθαι.

118 2164 219 2236 Alios
247 2164 317 2233 vid.
349 2186 404 2253 ap.
426 2163 658 2232 Foernchium
689 2164 790 2234 0bss.
819 2164 858 2230 iu
886 2162 972 2255 Lys.
1002 2187 1037 2253 p.
1060 2165 1119 2250 70,
1142 2164 1195 2255 qui

119 2266 211 2335 hune
227 2288 355 2353 quoquc
369 2264 457 2332 lsaei
476 2268 588 2333 locum
609 2282 698 2333 recte
715 2264 875 2347 defendit.
917 2264 1080 2332 Defendit
1097 2266 1194 2336 οιίιιιι

119 2366 323 2460 Bernhardy
344 2364 488 2459 Syntax.
511 2394 545 2459 Ρ.
566 2368 642 2454 369,
665 2369 723 2435 sed
743 2390 929 2458 perperam.
974 2366 1087 2454 Quam
1109 2368 1195 2437 euim

121 2468 233 2538 inesse
260 2468 298 2535 in
328 2470 382 2537 his
408 2469 522 2538 verbis
552 2469 633 2537 dicit
663 2468 877 2557 dubitationis
905 2467 1195 2556 significationem,

120 2570 207 2639 laacc
226 2571 325 2661 plane
352 2570 389 2639 h.
416 2571 444 2639 l.
473 2572 588 2638 aliena*
611 2586 677 2658 est,
719 2596 821 2659 quum
848 2594 955 2659 neque
975 2584 1114 2656 testem,
1143 2568 1197 2659 qui

122 2671 250 2765 juratus
280 2671 506 2740 testimonium
536 2674 644 2754 dieat,
675 2673 863 2740 dubitanter
889 2672 984 2759 loqui
1009 2672 1198 2760 conveniat,

122 2797 231 2861 neque
253 2787 419 2858 actorem,
441 2799 544 2862 quum
565 2777 605 2842 de
627 2774 698 2868 ejus
719 2773 909 2842 testimonio
929 2773 1070 2857 reserat3
1092 2797 1199 2862 neque

124 2898 206 2944 vero
240 2875 323 2941 alibi
355 2876 413 2944 vel
444 2873 487 2952 ὡς
513 2879 569 2946 vel
595 2876 780 2945 infinitivus
814 2890 888 2967 post
926 2876 1031 2944 verba
1067 2873 1201 2942 dicendi

126 2975 367 3046 dubitationem
388 2976 589 3065 significant.
601 3019 645 3031 -
667 2977 823 3047 Ceterum
844 2978 930 3066 quod
951 2976 1119 3063 singulari
1137 3001 1202 3044 nu·

125 3100 220 3148 mero
241 3078 347 3144 utitur
368 3097 498 3166 orator,
519 3081 593 3173 ¹cibo
613 3077 691 3147 alvos
710 3077 839 3165 yvp'oeca
855 3085 984 3161 τοῦτον,
1011 3079 1125 3146 minus
1144 3100 1202 3146 aa·

127 3180 240 3245 curate
260 3179 424 3266 loquitur,
451 3206 531 3248 nam
546 3183 586 3248 de
605 3197 745 3273 utroque
760 3182 861 3250 Alces
882 3181 954 3248 filio
975 3179 1203 3248 testimoninm

31 3302 34 3307 ·
93 3280 95 3284 ⁴
126 3280 213 3348 illud
236 3281 277 3346 ab
298 3282 470 3350 Androcle
490 3284 722 3375 interpositum
741 3297 925 3375 'essepatet
945 3306 990 3349 ex
1015 3282 1059 3349 iis
1077 3280 1202 3372 ‚impri-

128 3381 217 3468 mis,
251 3405 333 3470 quae
355 3383 393 3473 p.
415 3386 459 3450 26
479 3387 647 3473 leguntur.
691 3382 746 3453 ct.
767 3384 867 3451 etiam
880 3384 918 3471 ᾧ.
936 3385 990 3451 12.
1005 3384 1059 3450 17.
1075 3382 1131 3451 44.
1148 3384 1203 3452 58.

129 3482 185 3552 59.
229 3481 296 3550 Sed
319 3509 435 3553 rursus
457 3485 621 3575 singulari
640 3487 746 3553 utitur
766 3486 804 3574 ᾧ.
824 3485 879 3553 46.
902 3485 946 3552 ci.
968 3483 1006 3573 ᾗ.
1028 3483 1074 3552 14
1095 3501 1128 3552 et
1147 3485 1204 3554 51.

211 3580 383 3671 Ἡγήμονα.
427 3587 525 3655 Hanc
545 3589 691 3656 nominis
711 3592 855 3655 formam
874 3610 991 3658 veram
1012 3608 1103 3672 esse,
1136 3609 1206 3655 nou

1 3740 8 3755 ,
126 3682 302 3771 Ὴγίμονο,
330 3690 449 3779 probat
470 3690 622 3756 codicum
643 3697 700 3757 aut
728 3690 879 3757 omnium
901 3704 958 3754 aut
977 3687 1204 3777 plurimorum

19 3864 23 3873 ι
132 3802 228 3874 atquc
245 3789 449 3879 optimorum
460 3815 637 3858 consensus
656 3814 709 3880 ap.
726 3790 866 3884 Lysiam
886 3788 1067 3877 inDiogit.
1056 3815 1123 3879 ..Ρ
1113 3790 1209 3859 .800

30 3921 37 3933 ·
133 3884 172 3975 §0
194 3889 237 3954 12
257 3888 369 3973 Rekla.
391 3891 566 3960 Demosth.
589 3893 629 3960 de
650 3915 765 3960 coron.
754 3917 820 3982 Ρ.
842 3893 919 3974 320,
940 3890 1030 3958 28st
1018 3898 1054 3956 m
1070 3890 1210 3959 Aristo·

132 3987 193 4075 git.
216 3988 290 4080 lp.
312 3990 391 4077 784,
413 3994 467 4062 16.
484 3994 579 4085 ΗιιΡ
581 4009 682 4061 octat.
704 3993 741 4060 lu¹
763 4016 799 4060 v.
814 3990 1012 4060 Aeschin'
998 4016 1038 4058 m
1055 3990 1209 4084 ctesiph.

132 4112 167 4179 p
182 4087 259 4161 418
274 4090 417 4164 Aristot.
438 4095 533 4166 Post.
556 4120 584 4164 c.
605 4099 639 4165 2.
661 4094 833 4164 Plutarch.
849 4093 956 4165 Phoo
978 4110 1010 4165 ο.
1031 4094 1077 4164 33
1098 4109 1132 4164 et
1153 4091 1210 4165 85.
