2632 4800
276 269 341 338 nu
363 216 941 339 αιιιοσιιιιιισιιιιιιιιιιι.
1080 271 1142 337 181
1247 290 1250 297 ·

68 437 209 506 demde
231 453 323 527 patre
343 439 499 524 loquens,
521 439 597 504 adv.
615 437 731 505 Boeot.
754 438 794 503 de
816 438 884 504 dot.
906 461 939 526 p.
958 438 1054 521 1916,
1078 438 1140 505 16,ι

67 539 109 607 αὖ
127 539 191 625 γὰρ
214 538 289 623 labe
309 545 401 605 τοῦτο
423 536 517 624 λέγειν
539 538 614 607 ἐστί.

154 637 341 727 προφάσεως
361 639 504 723 οὐδεμιᾶς
523 640 694 729 peroptant.
724 639 799 729 Sine
817 662 926 707 coreo.
954 639 1040 708 Nam
1061 635 1140 723 πρό-

66 764 166 829 φασις
186 765 255 808 non
272 745 380 809 colum
395 758 602 830 praetextum
619 741 801 828 significat,
832 741 888 807 aed
904 766 1036 808 causam
1058 763 1143 825 quae

65 846 208 910 affertur
220 845 277 910 vel
292 843 404 909 afferri
418 858 541 933 potest,
573 843 775 909 aive·veram
791 841 862 909 aive
882 843 1013 908 faloam.
1049 839 1137 906 Hinc

66 939 270 1028 ἀληθεστάτη
288 941 445 1030 πρόφασις
461 959 510 1011 eat
525 968 578 1035 ap.
568 944 748 1036 ..Thucyd
767 940 863 1022 1,23.
879 941 941 1025 Vl,
958 944 991 1009 6.
1006 941 1138 1017 Antioc.

65 1046 106 1112 in
125 1045 239 1112 Alcib.
261 1071 295 1135 p.
318 1047 380 1112 151
401 1046 537 1129 Bekk„
568 1061 599 1112 et
626 1044 825 1112 bominea'
807 1071 850 1108 αιι
854 1042 1032 1124 ὀὐδεμιᾶς
1059 1067 1139 1126 upo-

66 1143 194 1233 φάσεως
224 1148 341 1212 morbo
376 1147 541 1236 correpti,
577 1146 735 1249 Thucyd.
768 1144 821 1230 ΙΙ,
849 1143 908 1213 49.
970 1142 1069 1211 Gonf.
1107 1158 1145 1211 et·

68 1245 244 1316 Sebael'ar.
274 1250 365 1337 App.
396 1248 471 1315 crit.
500 1247 541 1313 ad
566 1240 738 1314 Demoatb.
760 1246 824 1316 lv.
813 1273 880 1336 p.
902 1245 946 1313 46
967 1260 1003 1312 ct.
1019 1247 1074 1311 83.
1095 1279 1140 1294 ·-·

67 1348 167 1441 Quod
195 1348 343 1435 requitur
374 1351 406 1414 lx
427 1347 525 1434 λόγων
547 1353 638 1413 τινών
666 1365 713 1415 eat
736 1349 824 1414 baud
847 1348 967 1414 dubiae
1006 1356 1152 1435 propter

67 1473 237 1517 sermones
259 1451 434 1517 bominum
455 1453 542 1516 male
563 1451 777 1528 sedulorum,
810 1449 867 1536 qui
888 1446 1137 1536 aiterum'apud

41 1630 44 1635 .
66 1552 210 1619 alterum
233 1545 445 1618 criminantes
466 1548 764 1625 calumniabantur.

154 1652 193 1740 ᾗ.
215 1654 269 1720 19.
291 1649 339 1718 ὅτι
358 1658 432 1736 γοῦν
453 1651 486 1719 ἐκ
506 1651 625 1737 ταύτης
645 1658 701 1736 τῆς
722 1650 815 1740 ὀργῆς
834 1689 878 1702 -
897 1650 1004 1737 ἔλεγεν.
1048 1647 1135 1717 (lor-

64 1768 202 1843 ruptum
233 1777 304 1821 eoae
334 1753 424 1819 bunc
454 1756 567 1821 locum
593 1769 738 1844 apparet.
789 1753 940 1822 Primum
969 1751 1059 1819 enirn
1088 1749 1137 1815 ὅτι

66 1863 200 1920 ιισιεῖται
219 1891 264 1905 --
290 1853 386 1938 ἔλεγεν
415 1856 516 1922 scribi
544 1858 586 1923 ab
616 1857 711 1924 laaeo
741 1880 810 1922 non
829 1854 961 1945 potuit,
989 1854 1137 1940 quando·

65 1956 201 2045 quidem
230 1955 407 2047 praeterito
434 1958 530 2025 verbi
557 1958 690 2024 dicendi
716 1959 773 2026 vel
793 1956 962 2044 cogitandi
981 1977 1136 2044 praesens

20 2144 28 2153 ἱ
65 2057 204 2124 alteriue
235 2057 332 2126 verbi
360 2072 488 2148 tempus
518 2074 590 2127 tum
621 2061 755 2127 demum
785 2074 873 2125 recte
903 2056 1136 2147 subjungitur,

65 2158 145 2237 ubi,
173 2159 260 2246 quod
284 2158 358 2244 quia
379 2160 467 2226 dixit
485 2162 540 2231 vel
561 2161 739 2249 cogitavit,
761 2153 939 2228 etiamtum
961 2182 1062 2245 quum
1083 2157 1136 2222 di·

64 2275 157 2327 ceret
185 2284 221 2330 v.
253 2258 433 2345 cogitaret,
473 2286 626 2352 praesens
656 2277 746 2343 erat,
787 2261 872 2328 sicut
902 2261 1014 2349 paullo
1045 2259 1134 2324 infra

65 2360 105 2449 ἦ.
128 2360 190 2429 113
212 2358 395 2448 ἀπεκρίνατο
417 2362 465 2427 ὅτι
486 2363 576 2430 οὐδὲν
597 2352 733 2449 ποιηρὸν
763 2363 903 2448 ἐγκαλεῖ,
934 2385 1002 2426 non
1025 2373 1135 2425 autem

64 2460 278 2549 ἱμαρτώρησεν
304 2458 348 2538 cic
375 2465 549 2531 διατίθεται
578 2467 634 2535 sed
657 2454 706 2541 ώξ
728 2464 859 2532 διέθετο.
901 2462 991 2529 Dein
1013 2461 1138 2527 verbo·

64 2586 144 2631 rum
175 2562 218 2639 ὥς
237 2562 367 2650 ὕστερον
394 2564 502 2652 ἐσώθη
523 2591 678 2659 perversa
700 2581 750 2634 eat
770 2564 943 2649 collocatio
963 2586 1024 2652 pro
1045 2559 1136 2627 ὕστε-

64 2690 122 2753 (¹⁰⁹
154 2661 197 2740 ὥς
227 2661 334 2750 tacto,
345 2714 357 2747 ,
388 2666 423 2733 id
446 2671 532 2754 quod
554 2669 706 2755 Scaliger
732 2666 923 2752 intelligens
944 2660 987 2740 ώς
1007 2660 1135 2749 ὕστερον

61 2767 182 2843 σωθώς
208 2764 305 2850 ἔλεγεν
331 2769 470 2836 rescribi
491 2770 615 2856 voluit,
644 2768 831 2859 Stephanus
852 2780 961 2833 autem
983 2762 1025 2841 ώς
1045 2762 1135 2830 borr-

62 2892 125 2955 ρον
153 2866 256 2951 ἐπειδὴ
285 2866 391 2953 ἐσώθη
422 2869 530 2957 ἔλεγεν.
580 2869 647 2939 Sed
674 2887 752 2937 tunc
781 2870 866 2937 illud
895 2867 942 2933 ὅτι
971 2869 1009 2934 in
1036 2865 1134 2932 initio

57 2968 195 3062 periodi
221 2992 291 3035 non
311 2970 448 3056 haberet
468 2998 532 3059 quo
559 2974 762 3058 referretur,
787 2971 822 3038 id
850 2971 937 3058 quod
957 2967 1134 3035 Reislrinm

59 3070 254 3164 permovit,
287 3085 325 3137 ut
354 3075 491 3161 probata
519 3072 679 3165 Stephani
707 3072 894 3164 conjectura
923 3071 961 3138 in
991 3073 1056 3137 bne
1076 3094 1135 3157 pe·

18 3200 22 3205 ·
57 3171 155 3241 riodi
174 3186 249 3261 poat
260 3174 363 3239 verba
382 3175 499 3259 γένοιτο
519 3175 623 3263 κύριος
637 3177 763 3251 Δεινίας
778 3174 967 3241 addendum
985 3172 1136 3240 euaderet

58 3270 161 3357 δῆλόν
188 3273 282 3341 ἔστιν.
323 3274 476 3364 Denique
504 3280 624 3369 ipsam.
639 3278 725 3344 illud
753 3274 861 3360 ἐσώθη
881 3274 968 3341 mihi
987 3272 1135 3340 maxime

57 3389 254 3465 suspectum
275 3389 334 3444 est.
377 3378 462 3447 Nam
491 3381 576 3468 quod
600 3381 640 3448 de
669 3379 787 3446 morbo
809 3377 975 3465 cogitant,
1005 3398 1049 3442 ex
1070 3396 1135 3458 qno

59 3476 292 3545 convaluerit:
327 3502 434 3566 neque
464 3485 569 3548 ullam
599 3497 767 3571 praeterea
788 3478 891 3570 hujus,
908 3475 1019 3545 morbi
1039 3497 1135 3539 men·

58 3578 191 3647 tionem
219 3578 341 3648 tactam
368 3582 549 3669 videmus,
576 3608 681 3670 neque
703 3581 890 3648 verisimile
917 3591 966 3662 aet
987 3575 1134 3665 Cleony-

59 3708 159 3755 mum
180 3678 405 3773 -aegrotaraa,
449 3687 596 3772 graviter
630 3684 824 3776 praesertim
864 3695 896 3747 et
929 3702 1004 3743 cum
1044 3677 1135 3744 vitae
1239 3700 1241 3704 ’
1293 3764 1296 3771 .

60 3786 236 3879 periculo,
270 3802 307 3854 ut
339 3792 483 3870 σωθῆναι
509 3787 577 3854 dici
602 3802 732 3876 posset,
769 3806 869 3870 quem
898 3779 1010 3871 paullo
1044 3780 1135 3846 infra

63 3890 103 3979 ἦ.
134 3891 187 3958 11.
219 3889 332 3956 atatim
361 3906 435 3979 post
465 3888 623 3978 scriptum
662 3900 890 3953 testamentum
920 3881 958 3946 in
989 3881 1135 3969 publico,

62 3988 189 4059 κώπαν
218 3995 281 4071 τῶι
309 3995 441 4056 πσλιτῶν
467 3987 628 4066 iraatlor,
655 3980 801 4055 aDinia
829 3983 1062 4071 compellatum
1084 3984 1134 4048 le-

60 4116 192 4180 gemur.
215 4130 259 4144 -·
280 4089 346 4160 Sed
377 4107 416 4159 ut
441 4092 542 4159 {acilo
572 4105 622 4159 aet
651 4086 872 4176 corruptelam
895 4085 1132 4169 demonstrare,
1185 4154 1189 4163 ,
