2632 4800
1135 167 1138 172 ’
1263 174 1279 209 0

328 251 393 325 DE
413 170 670 323 ASTYt’lssLt
690 251 1010 325 HEREDITATE.
1143 257 1209 326 407

127 383 180 515 est
200 397 410 503 01.XGV1,
432 423 455 485 2
481 444 512 486 a.
537 416 577 486 G.
599 419 674 506 395,
706 382 808 507 quum
829 420 1051 491 Athenienses
1072 424 1205 498 loedere

127 522 207 589 oum
238 519 434 607 ΤΙιιιΙιιιιιίε1
445 521 532 587 facto
563 537 678 587 contra
707 521 988 591 Lacedaemonios
1019 543 1204 622 pugnarent

81 686 84 691 .
129 621 218 710 apud
232 616 435 690 Haliartum
459 621 540 690 Vid.
560 621 718 713 Xenoph.
734 624 759 691 l.
776 625 803 691 l.
826 620 891 707 lll,
911 624 947 707 5,
966 626 1008 692 16
1030 649 1101 712 sqq.
1123 625 1205 694 Wi-
1272 639 1274 642 ’

128 721 280 791 niewski
300 746 422 790 comm.
445 722 482 787 in
499 721 675 791 Demosth.
697 748 748 791 or.
771 724 812 790 de
831 748 903 792 cor.
926 750 961 819 p.
950 727 1031 792 ,26.
1049 725 1201 794 Voemel.
1269 780 1270 783 ,

128 823 172 891 ad
185 817 363 901 Domosth.
379 823 529 914 Philipp.
552 825 623 916 lp.
645 823 719 892 174.
766 825 845 893 Fuit
864 827 927 892 hoo
943 822 1112 895 Corinthu
1122 829 1203 894 bella

125 923 283 1042 initium,
310 940 390 993 teste
411 922 578 994 Pausania
598 927 664 1011 lll,
686 929 719 1011 9,
741 930 780 1010 63
811 926 899 992 nihil
920 943 1032 994 tamen
1035 914 1202 1017 impedit,

126 1033 212 1113 quo
220 1025 331 1093 minus
359 1028 446 1095 hane
474 1043 602 1118 partem
635 1029 735 1095 etiam
765 1027 901 1118 proprio
932 1026 1089 1095 Thebani
1119 1029 1201 1096 belli
1228 1056 1232 1060 ¹
1264 1120 1267 1125 1
1298 1014 1301 1021 ’

124 1126 263 1195 nomine
284 1127 489 1214 designatam
510 1154 581 1196 esse
603 1130 800 1197 credamus.
824 1144 856 1195 et
873 1129 1066 1199 Boeotioum
1088 1133 1200 1221 appel·
1240 1160 1246 1177 =

122 1230 176 1305 lat
194 1227 364 1311 Diodorus
385 1229 482 1312 XIV,
503 1230 557 1296 81.
570 1255 624 1280 ¹·-
644 1229 807 1298 Proximo
828 1246 938 1298 autem
959 1246 1033 1321 post
1052 1255 1201 1325 pugnam

123 1328 329 1397 Haliartiam
349 1355 437 1397 anno
458 1346 631 1415 revocatus
653 1356 697 1398 ex
716 1331 800 1398 Asia
816 1331 995 1421 Agesilaus
1007 1357 1120 1427 quum
1139 1358 1200 1423 per
1305 1378 1308 1383 -

122 1431 341 1525 Thessaliam
362 1433 432 1501 iter.
446 1433 570 1499 faceret
591 1432 742 1523 conflixit
764 1457 839 1499 uum
862 1434 1035 1503 Thessalis
1050 1432 1198 1503 Boeotos
1299 1456 1303 1461 '

121 1557 201 1599 rum
223 1533 334 1601 sociis.
383 1534 494 1622 Atque
522 1535 588 1600 huo
607 1534 774 1625 pertinere
796 1534 955 1620 arbitror,
989 1534 1075 1623 qnod
1098 1535 1211 1605 etiam‘

119 1632 160 1700 in
182 1634 395 1702 Thessaliam
407 1634 607 1727 Astyphilus
628 1631 807 1702 militatum
827 1637 947 1702 abiisse
969 1636 1108 1705 dicitur:
1137 1662 1198 1707 ve·

120 1734 266 1803 risimile
294 1752 356 1805 est,
371 1737 463 1802 enim
494 1751 551 1803 arat
579 1737 683 1804 accita
705 1761 723 1803 a
745 1737 918 1805 Thessalis
939 1735 1197 1805 Atheniensium
1255 1823 1258 1830 1

99 1840 253 1924 'quoque
274 1837 415 1924 auxilia,
445 1851 501 1902 aut
521 1837 610 1925 ipsos
630 1837 871 1922 Athenienses,
900 1830 1002 1929 quum
1022 1839 1195 1927 praevide·
1247 1898 1250 1905 .

118 1952 199 2005 rent
218 1938 417 2024 Agesilaum
437 1962 496 2027 per
518 1938 730 2006 Thessaliam
751 1940 816 2005 iter
843 1941 1028 2030 facturum,
1056 1941 1098 2008 ad
1119 1964 1196 2008 eum

120 2041 303 2107 arcendum
330 2040 440 2129 copias
467 2040 614 2108 misisse:
651 2058 848 2129 quamquam
876 2041 1064 2131 Xenophon
1095 2041 1195 2131 hujus
1256 2058 1259 2077 ¹

120 2141 173 2207 rei
192 2143 396 2208 mentionem
426 2166 492 2207 nou
521 2142 599 2208 facit
607 2168 617 2226 3
650 2143 705 2237 sed
729 2158 839 2211 tamen
859 2143 1056 2238 Agesilaum
1078 2142 1123 2237 in
1140 2144 1194 2211 in·
1246 2162 1248 2167 ’

117 2263 237 2330 gressu
256 2242 414 2311 Boeotiae
444 2243 544 2309 etiam
572 2244 886 2333 Atheniensesflsihi
912 2243 1077 2334 oppositos
1097 2245 1193 2318 inve·

118 2342 208 2411 uisse
229 2361 344 2413 narrat
364 2344 455 2412 Hell.
478 2340 597 2428 Ν,3,
620 2345 673 2410 15
695 2340 826 2432 Agesil.
839 2353 880 2413 o.
902 2345 983 2434 2§.
1006 2347 1039 2416 6.
1061 2384 1105 2401 -·
1126 2341 1191 2414 Go-

118 2445 265 2513 rinthiae
296 2446 437 2533 denique
467 2444 693 2534 expeditiones
723 2448 835 2534 plures
872 2446 1009 2511 suerunt
1039 2446 1117 2513 inde
1149 2446 1191 2514 ab

119 2547 262 2639 Olymp.
289 2545 418 2631 ch1‚
446 2549 521 2612 3a.
546 2544 586 2614 0.
608 2545 674 2614 394
701 2571 805 2633 usque
832 2547 873 2612 ad
902 2545 1096 2661 proximum
1116 2562 1191 2613 ante

116 2648 215 2715 illam
227 2649 482 2742 Mytilenensem
505 2640 630 2713 aunum
639 2694 653 2731 ,
680 2671 724 2714 ex
739 2647 858 2733 quihus
880 2644 1013 2711 aninam
1025 2645 1192 2759 Astyphi·
1273 2669 1276 2674 ·

75 2758 78 2763 '
106 2751 171 2818 lus
203 2765 235 2817 et
255 2752 357 2817 unius
387 2775 429 2817 an
455 2747 608 2838 pluribus
634 2747 824 2824 interfuerit
855 2770 923 2813 non
943 2746 1022 2815 satis
1034 2752 1189 2837 Qapparet

115 2851 193 2921 Hoc
219 2867 329 2919 autem
356 2851 461 2938 liquet
488 2863 655 2917 oratorem
682 2849 720 2915 iu
748 2848 980 2935 enumerandis
1008 2848 1063 2915 his
1092 2847 1189 2921 hellis
1301 2924 1305 2937 1

115 2979 186 3041 non
213 2956 371 3043 temporis
400 2953 552 3021 ordinem
580 2966 754 3038 sequutum
780 2950 836 3016 sed
866 2973 904 3015 ea
932 2948 1041 3039 potius
1062 2949 1190 3016 ratione

114 3079 215 3124 usum
232 3080 320 3140 esse,
347 3071 385 3122 ut
400 3055 546 3145 primum
562 3053 750 3119 nominaret
770 3051 857 3137 quod
877 3051 930 3116 illi
952 3051 1091 3140 tempori
1109 3073 1190 3140 pro·

113 3157 248 3224 ximum
275 3170 377 3242 esset,
404 3172 569 3247 postremo
597 3169 707 3220 autem
732 3153 826 3238 loco,
859 3153 946 3240 quod
968 3166 1052 3220 esset
1079 3175 1190 3222 remo·

113 3255 295 3329 tissimmn.

75 3496 78 3513 ·
153 3526 156 3531 ,
200 3460 239 3549 §.
255 3462 286 3529 l.
310 3460 392 3529 Sine
413 3462 584 3551 prooemio
606 3459 717 3526 statim
730 3481 802 3551 rem
824 3456 930 3546 ipsam
952 3455 1049 3522 brevi
1070 3477 1188 3551 narra·

110 3563 204 3630 tione
231 3562 379 3629 indicare
408 3578 442 3628 et
463 3587 545 3650 qnae
575 3563 772 3651 probaturus
800 3558 844 3626 sit
862 3580 1048 3649 proponere
1070 3579 1188 3643 aggre·
1255 3586 1258 3591 ¹
1283 3619 1286 3624 .

111 3666 215 3732 ditur.
259 3664 318 3731 Est
336 3678 445 3731 autem
465 3664 613 3731 narratio
632 3660 808 3752 ejusmodi,
837 3683 920 3745 quae
936 3659 1007 3748 ipsa
1026 3657 1188 3745 quodant-
1269 3722 1279 3736 ‚

111 3766 214 3834 modo
231 3766 395 3854 prooemii
414 3767 489 3832 loeo
511 3765 628 3832 haberi
652 3765 792 3848 debeat,
823 3783 924 3847 quum
946 3759 1097 3851 adjuncta
1120 3757 1196 3853 sint·

110 3867 194 3947 satis
226 3860 351 3951 multa,
387 3891 469 3954 quae
506 3882 538 3933 et
577 3882 735 3933 attentum
766 3860 973 3947 docilemque
1003 3857 1189 3926 auditorem
1257 3892 1263 3901 κ

111 3972 222 4036 facere
244 3985 275 4034 et
305 3967 484 4034 conciliare
507 3968 629 4034 dicenti
649 3964 791 4084 possint,
830 3962 948 4051 quihus
968 3964 1067 4028 rebus
1089 3983 1192 4027 omne-

101 4069 278 4161 'prooemii
299 4040 477 4135 eonsilium
499 4068 664 4141 contineri
686 4080 718 4132 et
738 4089 791 4131 res
813 4065 884 4153 ipsa
907 4064 1000 4129 docet
1021 4076 1053 4127 et
1073 4060 1186 4127 rheto-

114 4194 169 4239 res
190 4171 408 4261 praecipiunt.
452 4168 562 4258 Igitur
583 4172 646 4236 hoe
667 4190 795 4255 quoque
808 4164 1037 4253 Quintilianus
1058 4156 1189 4228 monuit
1238 4177 1242 4187 “
