2632 4800
6 246 35 368 J·
129 258 193 329 ιον
481 257 530 328 us
559 255 877 328 suanorum

70 500 73 512 ,
124 451 217 511 σᾳιεν
246 427 413 496 omittunt.
458 426 500 520 lit
520 426 660 495 debetur
679 426 768 495 haud
791 426 892 496 dubia
912 430 1111 518 correctori,
1142 433 1203 521 qui

126 544 310 597 structurae
331 528 589 609 succurrendum
609 543 752 619 putaret.
795 528 1002 615 Legitimum
1020 533 1113 599 enim
1135 535 1202 602 huo

127 646 177 698 est
203 644 236 697 et
261 630 412 697 omnium
440 654 515 719 usui
525 645 713 720 receptum,
742 644 780 697 ut
799 631 890 697 nihil
910 631 1073 722 ejusmodi
1094 634 1202 702 adda·

125 747 182 798 tur
210 745 243 798 et
263 728 386 815 θάτερα
413 731 499 798 illud
524 733 581 800 vel
607 728 745 816 θάτερον
772 756 849 799 cum
876 733 1004 820 reliqua
1032 750 1200 815 structura

13 860 21 869 ’
106 834 231 899 'nullo
245 832 345 925 modo
384 832 617 922 conjungatur.
679 832 892 920 Quamquam
922 850 1035 901 nostro
1063 836 1200 922 quidem

125 935 199 1000 loco
228 932 332 1023 possit
357 933 477 1021 aliquis
503 930 627 1019 θάτερα
656 957 732 1000 cum
763 933 956 1020 duopalrwoa
982 935 1199 1029 conjungere,

33 1086 38 1098 ,
125 1035 166 1102 ds
186 1034 312 1127 Pyrrh.
335 1036 407 1102 her.
431 1035 469 1122 ᾗ.
490 1035 535 1102 58
555 1060 633 1103 cum
653 1041 812 1120 προσῆκει
839 1036 895 1104 vel
915 1035 964 1102 sic
984 1050 1097 1104 tamm
1116 1062 1198 1129 sup·

123 1134 282 1227 piendum
308 1136 395 1202 soret
416 1138 520 1203 altero
541 1138 615 1203 loco
637 1132 750 1216 άνπας,
782 1137 887 1202 altero
907 1146 1000 1203 ποιεῖν
1007 1163 1020 1221 ,·
1045 1140 1197 1228 plerum·

116 1253 319 1327 'queautem
340 1261 384 1304 ne
404 1236 567 1327 ejusmodi
589 1236 722 1324 quidem
749 1236 988 1305 adminiculum
1009 1240 1122 1325 adest,
1150 1241 1213 1308 li·.

123 1342 304 1427 harumque
327 1354 359 1406 st
381 1340 569 1406 absolutum
590 1337 726 1429 ponitur
746 1336 883 1424 θάτερον
903 1364 940 1408 v.
960 1335 1100 1427 θάτερα,
1128 1366 1195 1430 quo

122 1441 291 1528 sequentia
333 1440 574 1528 quodammodo
605 1456 855 1530 praeparentur.
916 1439 1031 1527 Neque
1060 1466 1197 1510 causam

111 1544 220 1612 ¹viduo
248 1566 313 1630 quo
341 1543 452 1609 minus
488 1542 626 1609 eandem
658 1540 696 1608 in
729 1541 882 1609 omnibus
912 1541 996 1613 locis
1029 1543 1196 1613 rationem

73 1643 76 1650 ’
121 1643 314 1727 statuamus,
336 1667 441 1730 nequa
454 1641 635 1730 quidquam
649 1645 871 1736 suppleamus,
891 1662 960 1709 nou
971 1642 1078 1730 magis
1093 1656 1196 1735 quam

122 1746 207 1836 apud
223 1743 500 1843 interrogativum
512 1741 641 1829 πότερον
655 1767 690 1810 ν.
704 1739 819 1828 πότερα
826 1791 837 1823 ,
859 1743 945 1831 quod
960 1745 1076 1817 eodem
1091 1738 1195 1815 modo

120 1862 315 1936 usurpatum
334 1846 434 1935 plane
457 1845 494 1910 in
513 1845 695 1934 particulae
715 1845 826 1912 locum
854 1845 946 1915 abiit.
990 1845 1079 1914 Vide
1101 1848 1197 1918 enim

5 1946 16 1953 ”
121 1972 221 2036 quam
241 1962 391 2014 accurate
412 1947 494 2012 haec
513 1946 579 2012 sibi
602 1947 840 2036 respondeant:
872 1944 987 2033 πάπιρα
1008 1947 1085 2032 γάνει
1105 1974 1198 2035 πρω-

119 2045 242 2115 τεάοοσι
270 2047 290 2132 ἢ
318 2053 358 2134 τῇ
386 2045 466 2133 πρὸς
479 2047 603 2115 άκεῖνον
624 2047 732 2136 φιλάρ;
765 2063 797 2115 et
817 2050 902 2116 δυοῖν
922 2044 1046 2136 θάτερα
1074 2048 1196 2136 ἢνένει

120 2147 361 2242 πρωπεάοοσινῆ
376 2155 416 2236 τῇ
429 2149 525 2238 φιλίᾳ.
545 2148 659 2238 Neque
666 2149 790 2217 diversi
800 2151 932 2235 generis
947 2166 997 2221 est
1012 2147 1194 2240 ἀμφότερον

30 2273 58 2281 ”
120 2277 156 2322 v.
181 2248 344 2339 ἀμφότερα
351 2297 363 2335 ,
391 2250 478 2337 quod
506 2249 746 2338 eodem-modo
773 2252 921 2338 reliquas
950 2252 1193 2342 enunciatisni,

119 2354 214 2441 qussi
233 2352 454 2445 praeparandi
475 2376 590 2436 causa,
611 2352 851 2442 praemittitur,
873 2354 964 2421 utin
984 2354 1047 2420 illo
1063 2351 1193 2437 χώσατο

8 2521 9 2526 ,
118 2454 152 2519 d’
176 2457 276 2531 αἰνῶς
291 2451 470 2542 ἀμφότερον
491 2454 578 2538 νίκης
605 2478 639 2519 τε
659 2453 711 2518 καὶ
732 2451 838 2538 ἔγχεος.
885 2454 1027 2544 Autiph.
1051 2457 1092 2523 de
1113 2459 1192 2525 salt·

118 2557 157 2644 ᾖ.
179 2555 223 2624 46
242 2555 356 2625 Belak.
380 2553 471 2621 ἱκανά
492 2554 523 2642 y'
546 2545 587 2639 ἦν
606 2553 785 2638 ὑπομνῆσαι
805 2555 856 2620 καὶ
877 2555 1122 2640 ἐνθυμηθῆναι,
1144 2557 1191 2624 εἶ’..

116 2651 174 2745 περ
194 2657 365 2743 ἠδικοῦντο,
386 2652 551 2744 άμφάτερα
566 2657 619 2722 καὶ
640 2661 730 2742 σφῶν
744 2655 849 2722 αὐτῶν
867 2657 955 2722 ἕνεκα
976 2658 1030 2722 καὶ
1050 2664 1108 2743 τῆς
1128 2657 1191 2724 πά-

116 2764 203 2836 λεοις.
245 2760 374 2829 Poterit
405 2760 462 2827 hic
483 2782 611 2848 quoque
632 2758 699 2825 dici
726 2759 813 2823 δυοῖν
833 2754 957 2844 θάτερα
976 2758 1109 2844 ἧσσάν
1129 2761 1190 2852 αὖ·

115 2864 185 2927 τῶν
200 2861 287 2927 liano
312 2860 333 2946 ἢ
360 2867 416 2946 τῆς
441 2855 634 2936 πόλεως.’-·
655 2858 755 2927 Gonf.
783 2883 866 2948 quao
892 2857 1091 2931 Schaelerus
1118 2862 1190 2931 dis·

115 2963 244 3054 putavit
265 2964 306 3030 ad
327 2963 545 3029 Demosthen.
567 2962 597 3032 Ι.
615 2963 655 3052 'p.
676 2963 753 3028 552.

201 3065 239 3152 ᾖ.
265 3067 320 3136 39.
349 3065 376 3130 al
400 3065 457 3146 μὲν
487 3060 671 3151 Πολύαρχος
690 3070 735 3115 ·-'
754 3058 897 3148 ἐτύγχανε
920 3068 984 3128 τῶν
1008 3061 1189 3148 ἐπιτηδείων

12 3188 14 3193 ·
107 3166 220 3251 ἐνδεὴς
240 3163 296 3232 ὤν.
309 3186 311 3191 ’
326 3163 455 3234 ’δίωὶίἰ
482 3181 676 3252 argumento
701 3168 838 3251 exlege
861 3161 1022 3240 κακώσεως
1044 3167 1188 3255 repetito

112 3271 220 3339 utitur
234 3267 334 3334 etiam
350 3291 400 3355 or.
417 3267 457 3332 de
474 3265 589 3334 Girou.
603 3267 677 3334 her.
694 3266 731 3353 §0
748 3269 802 3333 32.
816 3303 861 3316 -
880 3266 934 3333 De
948 3265 1055 3333 officio
1072 3268 1201 3335 alendi*

65 3450 70 3455 ¹
115 3365 227 3439 omuid
243 3371 281 3436 in
293 3369 417 3455 vulgus
432 3384 511 3435 nota
529 3383 615 3435 suut.
670 3366 749 3434 Vid.
774 3368 814 3433 de
833 3367 907 3434 ord.
924 3367 996 3458 jud.
1014 3393 1049 3457 p.
1066 3369 1134 3439 288
1154 3385 1188 3437 et

114 3474 173 3561 qui
197 3472 247 3538 ibi
278 3484 596 3537 commemorantum
635 3492 742 3557 neque
773 3470 880 3554 magis
911 3469 997 3537 illud
1029 3469 1187 3556 cuiquam

99 3565 265 3662 ⁴ignotum
293 3574 421 3663 puellas
450 3571 488 3639 in
513 3585 713 3656 angustare
741 3570 902 3637 familiari
927 3571 999 3637 sina
1022 3571 1186 3640 fratribus

112 3676 246 3744 relictas
271 3698 291 3742 s
313 3673 480 3764 proximis
513 3671 661 3760 cognatis
682 3685 740 3741 aut
774 3672 815 3739 in
842 3671 1095 3740 matrimonium
1119 3673 1186 3740 du·

112 3764 232 3844 candes
263 3791 319 3842 aut
348 3800 425 3842 cum
453 3788 543 3840 certa
577 3773 720 3861 quadam
755 3773 830 3840 dote
866 3772 940 3841 aliis
972 3772 1185 3845 collocandas

31 3898 34 3906 ’
110 3879 224 3946 luisse.
268 3875 349 3943 Vid.
376 3876 425 3960 ish.
449 3901 484 3965 p.
511 3877 588 3943 290.

66 3970 69 3981 '
196 3975 425 4062 ἀπορουμένας.
457 3976 503 4044 Η.
522 4001 552 4044 a.
569 3976 758 4060 πενομένας,
780 3973 968 4062 άποροάσας.
999 3975 1086 4044 Nam
1104 4001 1184 4067 pas·

109 4081 201 4149 sivae
224 4078 324 4164 hujus
342 4079 439 4148 verbi
454 4080 583 4144 formae
601 4102 672 4145 non
686 4078 797 4145 rarius
813 4102 912 4164 quam
936 4078 1063 4146 activas
1083 4103 1185 4149 usur·

109 4196 242 4274 pautur,
265 4195 298 4247 et
315 4182 402 4271 apud
423 4181 615 4263 nonnullos,
632 4180 726 4249 velut
741 4202 795 4270 ap.
813 4179 1045 4267 Plutarchum,
1066 4183 1184 4272 paullo
