2632 4800
106 228 173 298 υι
212 226 262 297 tu
282 228 429 301 omn.
450 225 514 295 on
536 222 846 297 Arounoootu
864 170 1213 316 annuntians

110 398 176 465 duo
197 415 253 464 aut
273 414 343 465 trec
363 396 521 484 genitivi,
550 420 629 463 nam
644 395 761 462 tertius
782 409 832 461 est
851 394 982 476 ἐκείνου,
1009 395 1072 462 tali
1089 409 1207 479 modo

110 501 284 590 compositi
306 501 347 566 ab
368 498 572 587 optimorum
588 497 789 586 scriptorum
808 496 1045 564 consuetudine
1065 499 1192 572 abhor-

111 617 198 669 rent.
254 599 450 690 Composuit
476 599 523 665 ita
550 598 798 667 Demosthenes
823 599 861 664 in
881 598 1027 667 Androt.
1054 625 1090 689 p.
1112 602 1179 690 609,

111 703 152 770 8:
184 701 342 786 τοσαύτην
368 700 544 787 ὖιιερβολὴν
572 698 738 784 ἐποιήσατο
766 698 888 765 ἐκείνων
919 705 975 784 τῆς
997 699 1095 766 αὑτοῦ
1115 706 1173 780 βδε-
1209 722 1213 769 t

111 804 230 890 λυρίας.
273 804 434 872 leocrates
460 803 604 869 Panath.
636 827 671 891 p.
692 802 769 872 249.
792 803 845 870 A:
879 799 938 886 τὴν
958 804 1103 878 Πέλοπος
1127 804 1170 886 μίν

114 903 238 989 ἁπάσης
258 899 498 987 Πελοποννήσου
530 900 728 986 κατάληψιν,
761 905 895 971 Δαναοῦ
926 904 960 969 δὲ
987 910 1043 988 τῆς
1072 901 1168 977 πόλεως

44 1082 48 1103 1
114 1012 170 1091 τῆς
184 1006 336 1092 Ἀργείαν.
388 1006 492 1073 Plura
513 1004 613 1095 hujus
643 994 774 1093 genecio
796 1005 866 1073 vid.
894 1016 949 1094 ap.
971 1006 1168 1073 Matthiaemn

115 1132 168 1197 gr.
191 1110 252 1176 Gr.
283 1135 316 1198 p,
339 1109 414 1174 699.
444 1107 634 1175 Bernhard.
657 1104 804 1199 Syntax.
831 1132 864 1197 p.
889 1108 952 1178 162
979 1133 1028 1195 eq.
1079 1107 1168 1174 Porro

114 1219 250 1296 μνημεῖα
284 1210 407 1299 plurali
437 1232 577 1277 numero
608 1212 648 1276 de
686 1233 755 1275 uno
785 1208 914 1298 tripode
946 1208 1072 1276 dictum
1099 1222 1169 1274 recte

116 1311 322 1401 comparavit
343 1310 571 1378 Bernhardiuo
592 1335 627 1401 p.
645 1310 688 1377 65
709 1335 785 1376 cum
805 1310 868 1376 illo
890 1312 976 1400 apud
988 1308 1169 1378 Demosthe·

39 1473 45 1487 ,
115 1411 250 1481 nemin
272 1412 421 1501 Philippi
443 1413 580 1503 epistola
601 1438 636 1504 p.
659 1413 733 1498 159,
754 1415 817 1479 22:
848 1409 1056 1496 δαομνήματα
1078 1415 1111 1479 δὲ
1127 1414 1169 1494 τῆς

117 1513 239 1591 ἀδικίας
268 1519 380 1597 στῆσαι
407 1512 579 1600 δνδρίαντα
606 1515 666 1600 πρὸ
698 1519 760 1580 τῶν
790 1518 911 1595 πυλῶν,
941 1515 1002 1581 ubi
1030 1512 1168 1582 Reitkius

116 1632 240 1684 temere
271 1616 476 1703 singularem
505 1616 649 1684 invexit.
698 1614 803 1683 Plura
830 1616 901 1684 vid.
930 1617 1016 1707 apud
1048 1616 1168 1683 eunden

116 1717 265 1801 Bet-nh„
301 1733 331 1782 et
359 1741 414 1806 ap,
442 1718 563 1785 Matth.
591 1744 626 1808 p.
647 1717 723 1784 801.
781 1717 834 1783 De
862 1718 1049 1808 tripodibuo
1078 1733 1169 1784 auten

118 1819 276 1891 dedicatis
294 1819 481 1886 dictumest
496 1821 537 1885 ad
551 1844 601 1888 or.
616 1810 829 1906 deDicaeog.
845 1821 917 1888 lter.
930 1822 967 1908 ᾗ.
979 1819 1034 1888 41.
1054 1822 1171 1891 Ἐκεῖνος

118 1924 217 1990 credo
239 1922 389 2008 equidem
413 1921 565 1997 δεικτικῶς
586 1921 713 1997 dictum
734 1945 820 2005 esse3
850 1922 940 1989 nihil
960 1923 1050 1989 enim
1072 1922 1171 2002 obsto,

10 2068 13 2073 -
119 2048 184 2112 quo
205 2025 316 2090 minuc
337 2021 522 2093 aediculam
542 2024 657 2102 illam,
687 2024 724 2089 in
746 2047 810 2111 qua
832 2023 938 2114 tripuo
958 2025 1086 2114 positus
1105 2035 1170 2103 erat,

119 2125 265 2215 conspici
286 2150 305 2191 e
327 2124 501 2193 dicasterio
530 2124 677 2214 potuisse
698 2140 892 2193 statuamus.
937 2126 1069 2215 Quodsi
1086 2146 1172 2217 pont·

119 2251 212 2312 mua,
240 2224 277 2292 iu
291 2224 387 2294 Odeo
403 2250 472 2292 non
491 2227 600 2293 colum
613 2224 672 2301 τὰς
691 2227 779 2292 σίτου
798 2229 888 2303 δίκας
907 2228 964 2294 sed
986 2229 1070 2296 alias
1091 2227 1174 2295 etiam

120 2352 203 2417 quac
215 2328 256 2394 ad
274 2327 442 2394 archontis
458 2326 722 2416 jurisdictionem
740 2329 955 2418 pertinerent,
976 2329 1175 2420 judicarim·

30 2432 33 2461 ¹
118 2431 196 2499 litae
213 2453 300 2511 οπεος
331 2430 463 2502 Odeum
483 2427 679 2518 proximum
702 2430 806 2498 suime
826 2431 998 2521 tripodu‘m
1016 2432 1093 2501 vido
1112 2429 1177 2501 satit

120 2547 257 2600 constat.
270 2529 351 2599 Vid.
367 2530 578 2600 Athenarum
589 2531 868 2622 ichnographiam
883 2558 902 2601 a
920 2531 960 2602 G.
976 2534 1177 2605 omueltuo

120 2634 320 2702 delineatam
333 2632 492 2701 inllrsch.
507 2647 548 2700 et.
562 2632 668 2702 Grub.
681 2632 864 2726 Encyclop.
879 2650 960 2703 tom.
970 2634 1034 2705 Vl.
1064 2637 1178 2723 Quam·

120 2762 219 2826 quam
237 2750 343 2823 potest
363 2734 476 2809 ἐκεῖνος
497 2735 599 2800 etiam
612 2748 718 2800 ιιοτυια
739 2736 827 2801 illum
846 2739 1000 2823 tripodem
1017 2739 1180 2825 designare

120 2839 336 2923 ἀναφορικιῖις,
367 2851 405 2901 ut
431 2841 522 2901 τοῦτο
551 2837 637 2924 apud
660 2837 836 2905 Platonem
864 2839 968 2930 Gorg.
998 2840 1036 2935 ᾗ.
1061 2842 1124 2908 61:
1153 2824 1181 2904 oi

120 2940 202 3006 iutro
230 2939 262 3004 ἐν
288 2938 418 3003 Πυθίου
448 2942 542 3003 τοῦτο
573 2936 609 3003 εδ
640 2937 737 3004 καλδν
764 2936 927 3024 ἀνάθημα.
978 2940 1183 3010 Pronomioia

121 3042 233 3116 ἐκεῖνος
258 3042 322 3107 hoo
349 3063 447 3105 sensu
466 3039 618 3129 usurpati
639 3041 891 3132 exemplatum
912 3043 999 3145 opud
1020 3042 1184 3113 Bernhar-

121 3145 215 3211 dium
236 3140 380 3231 Syntatt.
401 3167 434 3230 p.
455 3143 531 3208 279.

206 3244 244 3333 ξ.
267 3242 322 3311 43.
346 3241 428 3308 οὕτω
449 3243 658 3321 καταβαίνειν.
679 3282 722 3296 -
751 3247 953 3321 Descendere
973 3247 1014 3313 de
1033 3259 1185 3334 suggerit,

120 3349 157 3415 h.
180 3371 210 3414 e.
241 3344 373 3410 dicendi
402 3347 504 3412 linem
529 3346 650 3417 lacere.
694 3347 757 3414 Or.
790 3347 828 3413 in
856 3347 1001 3416 Theocr.
1028 3375 1065 3439 p.
1090 3349 1185 3420 131⁰:

121 3445 274 3532 βούλομαι
287 3446 321 3511 δὲ
333 3446 455 3529 δεηθεὶς
467 3442 555 3528 ὗμῶν
567 3446 607 3512 coi
622 3448 727 3512 δίκαια
737 3451 993 3533 -καταβαίνεια
1014 3449 1186 3518 Demosth.

122 3551 163 3618 dc
185 3553 210 3617 f.
230 3551 298 3633 leg.
320 3574 354 3637 p.
376 3547 460 3619 3512,
500 3545 629 3624 δειξάτω
650 3552 703 3614 καὶ
724 3552 955 3637 παρασχέσθω,
987 3551 1076 3637 κάγώ
1097 3575 1188 3618 κανα-

17 3708 25 3748 p
121 3653 231 3732 βαίνοι.
273 3651 421 3741 Lycurg.
444 3648 483 3714 in
495 3650 614 3718 Leocr.
637 3676 709 3741 cap.
726 3656 790 3721 372
815 3642 970 3737 βούλομαι
992 3653 1028 3718 δ’
1049 3654 1094 3720 ἔτι
1114 3660 1189 3741 βρο-

118 3755 178 3836 χέο
206 3749 285 3838 πρὸς
311 3750 393 3841 ὑμᾶς
423 3749 515 3819 alodo
542 3759 730 3838 καταβῆναι.
774 3747 1188 3845 Gon1.Ariotoph.Vesp.

122 3881 156 3922 v.
180 3853 276 3921 1014.

185 3956 246 4042 §0
267 3951 322 4022 45.
355 3953 411 4021 οὔκ
442 3949 504 4019 οἷδ’
527 3953 544 4022 δ’
566 3979 596 4019 τι
618 3958 668 4022 δεῖ
683 3994 736 4025 κ.
767 3958 873 4027 Plane
903 3959 1020 4031 eadem
1048 3959 1190 4028 clausula

121 4057 226 4123 utitur
246 4080 297 4124 or.
320 4055 360 4123 de
383 4053 498 4128 (δίνου.
520 4056 601 4153 her.¹
618 4073 651 4126 ct
670 4059 846 4133 Demosth.
867 4058 1058 4133 itt-Gonon.

516 4211 804 4230 ---·-----—--
