2632 4800
108 201 258 345 ‘scos
396 216 400 221 ’
551 253 972 324 montmounu.

194 451 258 516 que
284 441 427 494 matrem
448 439 480 491 et
506 439 632 492 ceteras
652 423 876 511 Diceeogeuis
903 425 1038 493 secundi
1059 450 1193 496 sorores
1213 454 1273 498 so·

192 551 373 615 rorumque
392 527 529 592 liberos.
580 526 668 592 Nem
688 528 787 614 plone
808 527 955 593 alienum
975 530 1133 616 nulloque
1154 555 1271 601 secum

192 629 392 717 cognatione
425 626 577 718 junctum
605 652 625 693 a
650 626 862 714 Dicaeogene
894 629 1039 695 secundo
1074 632 1271 722 adoptatum

192 755 264 799 esse
285 729 395 796 minus
417 746 467 796 est
485 728 684 796 verisimile.
697 763 742 779 -
761 728 894 795 Deinde
914 731 1039 803 omissa
1058 747 1107 798 est
1126 732 1164 798 in
1184 733 1270 801 Rei.

192 832 263 899 skii
282 846 315 898 et
335 829 464 899 Jonecii
484 845 655 897 stemmate
669 828 948 921 Cephisophontis
968 830 1059 917 tilia,
1085 832 1269 903 Menexeoi

192 932 330 1000 secundi
349 956 465 1016 soror,
495 954 595 1018 quem
616 931 729 996 addidi
750 956 768 997 e
791 936 825 1010 §.
847 933 881 999 9.
901 968 947 982 —-
966 930 1141 1021 Postremo
1163 935 1268 1004 etium

148 1062 151 1069 ·
193 1032 416 1124 Cephisodoto
446 1047 504 1099 cut
524 1057 630 1099 uuum
660 1032 839 1098 autetiam
858 1034 971 1122 plures
990 1035 1048 1103 vel
1066 1036 1188 1104 frenco
1208 1038 1268 1107 vel

89 1180 93 1189 ·
191 1159 323 1205 sorores
343 1134 445 1202 foisse
467 1148 640 1224 apparete
663 1132 697 1214 ἦ.
720 1133 774 1212 10,
796 1134 855 1212 ubi
876 1135 1000 1222 plurali
1019 1136 1156 1205 nomino
1177 1138 1269 1206 desid

192 1253 341 1328 guantur
352 1234 485 1323 ὀρφανοὶ
506 1231 682 1320 γενόμενοι,
704 1249 736 1300 et
751 1236 864 1323 paullo
881 1252 975 1325 poste
999 1233 1178 1325 &ductio
1199 1239 1266 1304 od·

191 1349 277 1415 τοῖς
297 1339 456 1403 κατέλιπεν
474 1351 565 1403 -et
580 1337 616 1424 ᾧ.
629 1337 688 1403 11:
710 1334 768 1419 τὴν
776 1336 882 1402 ὀἰκίαν
897 1337 1028 1404 αὐτῶν
1041 1337 1099 1423 τὴν
1113 1338 1266 1428 πατρῴαν

190 1433 1267 1528 uoldor'dotorcodrum-wQuid2quodetiumnctorisoror

191 1542 341 1610 addenda
360 1541 445 1626 suit,
467 1543 497 1607 si
513 1564 594 1610 vern
607 1540 830 1609 essetReiskii
843 1543 883 1608 de
900 1543 1104 1613 emendanda
1120 1543 1265 1611 lectione

191 1645 231 1733 ᾖ.
243 1646 288 1711 26
307 1643 508 1734 conjecture.
559 1643 613 1710 Ibi
633 1643 724 1710 enim
745 1645 827 1711 haec
847 1644 1021 1732 leguntur:
1048 1636 1266 1732 Πρωταρχίδῃ

190 1747 252 1834 γὰρ
265 1752 311 1831 τῷ
317 1745 473 1832 Ποταμίῳ
487 1743 789 1829 ἴδωκεΛικαιογένης
799 1744 857 1829 τὴν
872 1744 1009 1832 ἀδελφὴν
1020 1744 1078 1829 τὴν
1093 1745 1265 1816 {acroam

168 1846 291 1935 wadon
312 1848 346 1912 dd
366 1852 406 1933 τῇ
426 1848 608 1930 γυναικὶ-
629 1844 775 1934 προσήκει
802 1853 859 1912 τοῦ
879 1844 996 1932 κλήρου
1014 1849 1111 1934 μέρος
1128 1847 1265 1937 doomep

190 1956 231 2037 τῇ
249 1951 345 2034 μητρὶ
365 1952 405 2034 τῇ
425 1949 496 2034 ἐμῇ.
537 1949 728 2017 Pronomen
756 1946 869 2015 ἑαυτοῦ
889 1965 1082 2039 corruptum
1101 1974 1172 2017 esse
1194 1950 1267 2019 non

190 2067 240 2121 est
262 2052 348 2139 quod
370 2051 511 2118 dubites.
553 2051 641 2119 Nam
661 2051 691 2117 si
711 2051 777 2141 ipsi
792 2050 999 2140 Dicaeogeni
1020 2051 1117 2119 tertio
1139 2076 1185 2118 ex
1205 2077 1266 2120 co·
1301 2044 1305 2052 ¹

190 2154 467 2244 gnstionenulla
486 2176 563 2241 pars
591 2153 785 2221 hereditatis
810 2154 990 2222 debebatur
1011 2153 1096 2240 (vid.
1118 2154 1157 2241 §.
1180 2153 1266 2242 14),

190 2270 325 2346 apparet
343 2278 413 2320 non
425 2256 532 2343 magis
554 2255 663 2322 sorori
682 2255 755 2345 ejus
770 2254 950 2343 quidquam
970 2255 1084 2322 deberi
1103 2256 1263 2346 potuisse.

188 2359 305 2445 Itaque
324 2355 485 2424 Reiskius
515 2354 573 2440 τὴν
595 2357 732 2440 ἐμαυτοῦ
753 2357 983 2448 reponendum
1002 2356 1127 2443 suasit,
1157 2381 1264 2445 eoque

189 2459 379 2550 conjectura
400 2474 432 2524 et
453 2457 588 2527 Jonesio
608 2462 747 2549 probate
768 2475 817 2526 est
837 2476 870 2525 et
889 2458 1079 2542 Bunsenio,
1108 2458 1165 2546 qui
1177 2459 1264 2546 -qui-

189 2562 265 2629 dem
288 2561 329 2626 de
355 2559 422 2654 jur.
450 2561 522 2628 her.
550 2586 584 2651 p.
607 2563 651 2628 28
677 2561 725 2628 ita
751 2577 899 2628 correcto
929 2563 1003 2627 loco
1028 2559 1133 2640 utitur
1159 2560 1263 2628 etium

115 2672 122 2685 '
188 2666 231 2732 ad
259 2664 572 2746 demonstrandum,
610 2687 741 2730 sorores
769 2662 916 2730 defuncti
951 2686 1021 2727 non
1046 2662 1146 2728 modo
1184 2687 1261 2729 cum

132 2838 135 2843 Δ
188 2766 333 2833 oliorum
364 2789 537 2843 sororum,
567 2766 624 2831 sed
654 2766 755 2831 etiam
782 2789 857 2831 cum
885 2763 953 2830 suis
974 2764 1122 2852 ipsarum
1141 2763 1261 2832 liberis

93 2916 101 2929 .
187 2868 404 2934 hereditatem
431 2867 468 2932 in
496 2867 602 2955 capita
633 2867 797 2934 divisisse.
851 2865 899 2932 At
927 2882 965 2931 ut
994 2888 1075 2932 vera
1102 2863 1148 2953 sit
1175 2867 1261 2932 hoec

187 2968 352 3037 Bumenii
379 2968 539 3035 sententia
560 3005 605 3018 —-
625 2993 689 3055 qua
710 2968 751 3034 de
771 2992 810 3034 re
831 2966 945 3034 statim
965 2967 1094 3032 dicetur
1113 3003 1159 3018 -
1178 2965 1261 3033 Rei·

187 3070 258 3139 skii
289 3085 401 3136 tumen
433 3071 670 3136 correctionem
698 3070 840 3157 probare
873 3092 941 3135 non
972 3092 1119 3157 possum.
1182 3067 1259 3152 Quo

187 3172 280 3238 enim
299 3171 373 3262 jure
394 3170 515 3237 actoris
536 3195 685 3238 sororem
693 3171 940 3258 Dicaeogcnem
960 3169 1096 3235 tertium
1115 3167 1268 3258 despon-¹

187 3274 275 3341 disse
305 3274 506 3339 credamus?
536 3273 580 3341 Ut
605 3290 768 3358 tutorem,
801 3272 922 3359 inquit.
983 3270 1123 3337 Factum
1153 3270 1259 3356 igitur

186 3376 251 3442 hoc
280 3399 350 3443 esso
381 3388 510 3465 oportet
540 3390 615 3442 ante
641 3399 742 3463 quam
770 3391 861 3441 actor
891 3373 963 3464 ipse
993 3374 1124 3438 adultus
1153 3386 1257 3454 esset;

186 3477 337 3564 alioquin
368 3477 459 3543 enim
489 3476 546 3542 iric
577 3477 666 3565 ipse,
706 3501 773 3544 non
801 3476 1048 3563 Dicaeogenes,
1080 3472 1258 3540 mulierem

60 3634 66 3643 ,
185 3579 283 3646 illam
305 3578 540 3668 despondisset.
593 3578 722 3662 Quodsi
743 3578 889 3662 sororis,
918 3576 1019 3643 etiam
1039 3574 1144 3664 ipsius
1165 3589 1257 3642 uoto·

185 3680 235 3760 ,is
255 3695 397 3747 tutorem
418 3680 664 3767 Dioneogenem
685 3679 788 3745 fuisse
809 3692 950 3769 oportet.
992 3677 1041 3744 Ac
1060 3699 1143 3745 vero
1166 3681 1201 3756 θ.
1215 3675 1260 3742 10

184 3781 233 3849 ite
252 3783 401 3870 loquitur
427 3783 508 3863 ille,
535 3800 571 3848 ut
578 3830 591 3862 ,
621 3805 695 3847 meo
717 3781 850 3869 quidem
876 3779 1020 3867 judicio,
1054 3801 1160 3865 neque
1186 3776 1258 3865 ipse

145 3938 150 3943 .
185 3885 248 3952 sub
268 3884 491 3969 Dicaeogenis
512 3886 614 3950 tutele
628 3884 742 3964 ,tuisse
763 3881 874 3950 videri
893 3881 1014 3970 possit,
1043 3902 1149 3966 neque
1172 3877 1258 3945 nlius

186 3984 360 4073 qnisquam
392 3985 434 4051 de
470 3985 570 4076 hujus
602 3986 801 4052 adversariis
840 3999 971 4073 praeter
998 3979 1259 4068 Cephisodotum

186 4102 375 4174 ceterosque
387 4086 599 4177 Theopompi
618 4088 755 4155 liberos.
798 4088 913 4172 Itaque
935 4108 1036 4171 quum
1057 4106 1164 4170 neque
1183 4077 1259 4144 ἔαυ-

143 4201 148 4206 ’
184 4194 243 4255 τοῦ
262 4187 411 4274 retineri,
438 4212 544 4276 neque
564 4189 700 4271 ἐμαυτοῦ
719 4186 855 4278 probari
866 4209 963 4274 posse
977 4184 1144 4269 videatur,
1171 4183 1260 4249 mthr
