2632 4800
183 258 253 327 sao
372 212 414 305 ἶ
553 250 988 324 mommoren-
1092 231 1097 237 “

190 442 258 493 tem
272 422 439 510 {logniae
473 422 592 492 Stratii
606 444 720 501 soror,
747 436 823 509 post
837 418 1031 488 Polemonis
1050 422 1181 511 prioris
1199 446 1266 489 nta-
1306 460 1308 469 ·

128 598 131 603 ,
191 524 251 593 riti
271 525 550 591 mortcmitorum
568 521 700 612 nupsit,
730 546 777 589 cx
793 546 858 609 quo
876 523 1092 589 matrimonio
1108 524 1175 590 ntii
1193 548 1267 614 pro-

192 625 295 692 creati
322 639 404 691 sunt
434 624 581 692 (iiaucus
611 638 646 690 et
674 623 813 691 Glauco.
824 626 856 709 5)
907 622 956 691 ni
983 623 1091 711 igitur
1118 625 1268 714 Hagniac

195 729 317 793 iratres
339 728 482 795 summ
506 725 641 792 uterini.
685 725 832 792 Moritur
855 724 934 791 dein
954 724 1108 814 Haguias
1136 729 1213 793 sine
1229 727 1268 792 li·

194 830 283 895 beris
299 823 356 894 sed
370 842 565 894 testamento
580 825 717 909 relicto,
738 850 805 914 quo
816 826 944 894 sororis
964 851 1044 894 suae
1061 827 1174 894 filiam
1195 829 1268 897 ado·

194 930 302 1021 ptavit
318 924 556 1015 'honorumque
583 950 720 997 suornm
746 927 898 995 omnium
923 928 1082 996 herodem
1111 929 1268 1012 instituit3

194 1030 346 1097 simuhsi
366 1030 445 1117 quid
467 1029 547 1096 huic
568 1030 740 1096 accidisset
760 1044 839 1095 anta
856 1053 958 1116 quarn
977 1030 1104 1097 h'beros
1125 1031 1267 1121 peperis-

195 1147 256 1215 set,
277 1133 459 1198 secundum
478 1132 633 1197 heredem
649 1130 781 1219 scripsit
797 1131 1020 1214 Glauconem,
1041 1131 1189 1199 fratrem
1205 1148 1268 1198 ute·

195 1234 320 1309 riuum
336 1304 341 1311 ,
357 1233 489 1320 ¹Aliquo
510 1248 585 1322 post
606 1248 754 1325 tempore
773 1233 918 1301 moritur
939 1234 1050 1319 puella
1071 1233 1155 1317 iila,
1177 1257 1268 1320 qnam

196 1334 346 1422 Hagniat
368 1334 557 1419 adoptaratz
599 1334 768 1401 hereditas
782 1334 902 1420 igitur
923 1334 1078 1419 Hagniaa
1109 1358 1158 1400 ex
1179 1351 1269 1400 testa·

195 1450 312 1504 mento·
327 1431 478 1502 defertur
496 1435 538 1501 ad
560 1435 778 1504 Glauconem.
822 1433 890 1504 Sod
911 1435 991 1502 huic
1010 1436 1270 1505 controversiam

194 1546 309 1606 movet
326 1530 584 1603 Eubulidas-illo
600 1536 731 1619 minor,
755 1534 911 1625 Hagniae
922 1553 955 1603 et
968 1534 1126 1604 sobrinus
1143 1551 1178 1603 et
1193 1537 1270 1604 ami·

197 1637 306 1721 tinus,
336 1642 370 1716 et'
383 1634 548 1705 Eubulide
569 1654 645 1705 ante
666 1663 739 1707 rem
757 1636 939 1729 judicatam
957 1654 1092 1705 mortuo
1105 1639 1188 1705 -filia
1208 1638 1270 1728 ejus

196 1739 451 1832 Phylomachot
463 1740 510 1827 “)
531 1741 731 1829 persuadent
751 1740 824 1832 ejus
836 1741 971 1832 patroni
989 1740 1161 1830 judicibus
1177 1754 1271 1805 testa·

198 1856 347 1907 mantum
368 1839 523 1925 Hagniae
549 1842 757 1931 suppositum
782 1865 875 1924 cssc;
908 1842 1055 1908 efficiunt
1075 1855 1115 1906 ut
1141 1840 1271 1907 haredi-

198 1956 249 2008 tas
279 1941 415 2009 mulieri
444 1940 660 2030 adjudicetur.
699 1942 852 2009 Essene
884 1943 914 2009 si
934 1956 1172 2008 testamentum
1193 1941 1273 2008 illud

199 2066 268 2110 non
297 2042 422 2127 valuit,
450 2043 658 2129 cognationis
686 2043 761 2136 jure
780 2046 885 2111 'nemo
913 2058 987 2111 erat
1012 2042 1155 2119 meliore
1175 2066 1275 2130 quam

199 2142 442 2234 Phylomache.
485 2142 571 2210 Nam
592 2145 690 2212 fratri
703 2144 839 2233 quidem
857 2143 989 2212 uterino
1005 2161 1139 2236 proptor
1150 2155 1276 2232 cogno-2

200 2245 324 2311 tionem
337 2314 341 2321 ,
356 2245 488 2311 nulium
519 2250 724 2337 competebat
753 2246 826 2338 jus,
855 2247 960 2315 donec
985 2246 1120 2334 paterni
1146 2245 1276 2334 cognati

201 2345 366 2432 usquead
388 2347 664 2415 consobrinorum
683 2349 772 2416 tilios
794 2363 1010 2438 superet-ants
1035 2348 1197 2415 amitinus
1218 2373 1274 2414 au·

201 2462 269 2515 tem
297 2446 427 2513 attilia
453 2470 583 2535 quoque
612 2450 747 2517 amitini
776 2451 866 2517 hand
895 2449 993 2514 dubie
1020 2450 1159 2516 meliori
1186 2463 1274 2517 erant

202 2548 276 2643 jure
298 2571 397 2636 quam
427 2550 574 2635 sobrini,
602 2550 861 2643 Theopompus,
890 2546 1091 2637 Stratocles,
1121 2548 1271 2619 Stratius.

285 2647 404 2717 Nihilo
432 2664 544 2716 tamen
564 2651 676 2720 minus
703 2669 818 2720 contra
838 2652 1093 2744 Phylomachcn
1122 2653 1272 2742 petitores

202 2750 351 2819 existunt
379 2775 424 2827 ex
456 2752 559 2818 altera
579 2770 672 2842 parte
693 2755 848 2840 Hagniae
876 2769 999 2838 mater,
1030 2750 1156 2824 Stratii
1172 2775 1270 2833 soror,

203 2877 242 2919 ac
262 2852 361 2942 proin
390 2865 421 2916 et
447 2852 520 2941 ipsa
540 2855 604 2921 filii
625 2857 679 2925 sui
698 2856 855 2938 sobrina3
891 2881 937 2922 ex
957 2856 1061 2920 altera
1083 2855 1271 2945 Theopom-

203 2978 282 3044 pus,
321 2951 518 3034 Stratocles,
559 2953 721 3043 Stratius,
758 2982 803 3024 ex
834 2956 954 3044 quihus
981 2978 1082 3042 quum
1115 2957 1271 3031 ducante

137 3124 143 3131 ,
203 3055 377 3120 deductam
405 3054 442 3119 in
467 3054 630 3145 judicium
657 3082 790 3126 causam
816 3059 991 3136 obiissent,
1024 3056 1115 3122 solus
1146 3057 1270 3124 relictus

203 3154 443 3243 Theopompus
474 3172 577 3224 totam
607 3160 674 3226 sibi
699 3160 918 3226 hereditatem
946 3157 1041 3248 petit.
1097 3155 1216 3224 Vincit
1240 3156 1270 3219 in

204 3255 385 3322 certamina
398 3255 656 3351 Theopompuar
684 3277 718 3331 et
729 3279 872 3329 matrem
886 3261 1019 3347 quidem
1032 3259 1189 3347 Hagniae
1203 3257 1270 3348 jure

272 3477 433 3543 ἀνεψιαδοῦς
457 3479 512 3532 sed
530 3478 624 3536 etism
648 3482 833 3538 avunculusz
860 3462 919 3536 boc
935 3485 1038 3547 tamen
1055 3479 1099 3559 acl
1115 3478 1193 3534 hanc
1207 3490 1267 3531 ctu·

273 3577 337 3615 sam
355 3560 535 3617 nihilfecit.
1085 3562 1088 3567 ’

240 3665 268 3731 ²)
288 3662 393 3717 Glauci
418 3665 497 3733 apud
520 3666 642 3722 Isaeum
663 3684 725 3722 non
747 3665 783 3723 fit
804 3663 934 3732 mentio;
961 3644 1023 3720 sed*
1040 3662 1108 3720 vid.
1126 3657 1269 3719 Demosth-

269 3754 330 3819 ‚ctn
347 3749 476 3802 Macart-
494 3767 525 3820 p.
544 3751 612 3806 1062
629 3768 675 3821 sq·

241 3864 283 3931 ⁶³)
302 3863 401 3919 Litem
417 3873 522 3922 contra
533 3856 717 3926 Glauconem
733 3837 794 3943 jam
808 3871 845 3924 ab
857 3866 1006 3924 Eubulide
1023 3866 1197 3923 institutam
1214 3872 1269 3918 esto

273 3956 401 4023 apparet
418 3965 435 4004 a
451 3953 607 4007 Demosth.
625 3959 681 4010 ctr.
699 3957 825 4010 Macart.
843 3973 874 4024 p.
893 3955 960 4007 1063
983 3959 1065 4009 extr.
1086 3951 1169 4003 ὁπότε
1191 3948 1270 4015 aas

81 4058 84 4063 ¹
180 4074 183 4079 .
272 4032 377 4083 ὃικοσία
398 4031 430 4099 ἦν
456 4037 504 4087 τοῦ
526 4036 622 4107 κλήρου
646 4032 702 4092 soii·
715 4037 827 4107 ιΑγυίου
853 4036 1006 4108 Εὐβουλίδῃ
1032 4035 1101 4107 πρὸς
1126 4034 1268 4088 Γλαύκωνα.

270 4119 317 4171 lta
339 4118 423 4174 enim
444 4120 638 4179 scribendum
661 4140 717 4196 pro
739 4127 950 4197 προσκλαίουσο,
978 4122 1191 4180 emendatione
1213 4132 1267 4174 cer·

269 4199 386 4258 tissima
404 4211 436 4260 et
452 4205 696 4267 evidentissima.
