2632 4800
264 301 527 394 oaarrouls
547 294 643 379 rao
664 305 948 423 nurunnro.
1046 257 1140 382 'aas
1208 258 1219 272 ’

58 474 202 562 ianuae,
239 473 297 544 daia
329 474 383 561 ἔτη
409 480 468 541 τοῦ
497 477 671 561 διαιτητοῦ·
685 476 745 561 τὴν
776 477 900 545 δίαιταν
929 479 1053 563 ἔχοντος
1082 479 1139 547 oda
1200 470 1204 481 ⁵

59 577 267 667 ἠδυνήθησαν
294 570 442 659 acceptas
467 578 645 664 μαρτυρίαν
663 574 768 663 ,εὗρεΐν
790 583 857 646 κτλ.
899 581 1139 649 Putabimnsne

59 681 208 771 priorem
228 681 334 747 illam
355 679 499 746 diaetam
511 703 580 767 per
600 678 774 746 biennium
799 694 938 767 tractam
960 679 1031 750 esse
1051 684 1137 773 apud

58 807 166 849 unum
186 783 387 889 diaetetam³
410 805 453 847 an
475 780 515 848 de
537 782 665 847 duabus
686 781 804 848 diaetis
825 782 889 848 hoc
910 784 1137 873 accipiamus?
1251 777 1253 781 Α

56 883 178 961 Priori¹
189 882 371 951 sententiae
387 884 496 950 obstat
509 883 597 970 quod
617 881 833 948 diaetetarnm'
845 902 972 952 munus
989 909 1138 953 annuum

58 986 125 1073 fuit
157 985 240 1072 (vid.
261 983 481 1054 Hudtwalck.
504 1009 538 1073 p.
558 988 596 1057 5.
619 984 688 1070 6.),
721 983 917 1073 posteriori,
945 988 1031 1072 quod
1055 987 1137 1054 duas

58 1089 140 1155 istas
172 1087 295 1154 diaetas
325 1110 394 1153 non
429 1086 473 1152 ab
499 1109 568 1151 uno
595 1085 736 1163 diaeteta
768 1100 857 1167 actas
885 1109 955 1152 esse
989 1102 1135 1177 apparet.

59 1187 177 1276 ltaque
195 1187 481 1259 Hudtwalckerus
503 1212 536 1276 p.
556 1189 579 1250 7
600 1185 835 1271 corrigendum
856 1201 950 1275 putat
969 1193 1033 1253 τῶν
1056 1191 1137 1253 dccc·
1243 1207 1247 1271 ’Δ

59 1294 163 1375 sarde
192 1289 251 1375 τὴν
281 1290 405 1357 δίαιταν
432 1284 581 1372 ἐχόντων.
620 1287 708 1354 mihi
738 1302 850 1354 tamen
879 1305 1011 1380 recepta
1037 1291 1137 1357 lectio

61 1391 192 1463 servari
210 1392 469 1487 presentetur,
487 1390 527 1491 ¹si
540 1388 675 1478 quidam
691 1389 890 1459 concedatur
905 1391 980 1457 fieri
990 1391 1138 1483 potuisse

60 1509 97 1562 nt
118 1495 210 1573 idem
229 1495 288 1560 ille
311 1493 491 1573 diaeteta,'
507 1490 565 1578 qui
591 1513 723 1559 cansam
745 1514 944 1578 cognoscere
964 1493 1136 1583 coepisset,
1172 1514 1175 1519 ·

60 1621 164 1684 quum
185 1595 374 1687 dijudicare.
390 1593 481 1664 intra
496 1616 628 1678 *annum
649 1616 720 1658 non
739 1591 918 1683 potuisset,
945 1609 1080 1684 propter
1100 1595 1136 1662 id
1210 1600 1218 1625 ⁴

59 1699 170 1787 ipsum
192 1696 291 1762 etiam
312 1697 348 1762 in
369 1694 564 1783 proximum
586 1718 711 1761 annum
733 1709 828 1779 extra
849 1695 1000 1762 ordinem
1022 1699 1137 1762 refice·

60 1815 165 1867 retur.
207 1795 261 1863 lta
282 1798 363 1863 haee
385 1796 450 1863 erit
470 1796 569 1873 illin's.
583 1794 651 1863 loci
672 1795 853 1863 sententiaa
883 1797 1023 1863 Nullum
1044 1796 1138 1864 testi-

60 1899 210 1981 moninm
229 1897 413 1965 adversarii
432 1896 585 1966 invenire
598 1910 793 1987 potuerunt,
824 1897 903 1964 licet
919 1900 965 1964 ab
986 1899 1137 1969 instituta

61 2001 103 2067 ab
132 1999 307 2090 Euphileto
339 2001 397 2067 lite
424 2024 485 2091 per
512 1999 686 2068 biennium
716 1998 816 2066 cansa
843 2000 929 2089 apud
962 2000 1135 2090 (priorem)

61 2103 239 2169 diaetetam
256 2121 327 2168 acta
342 2102 402 2171 sita
430 2124 532 2193 eaque
553 2102 626 2190 ipsa
647 2126 722 2189 res,
745 2102 831 2189 quod
844 2117 913 2169 tam
933 2103 1035 2189 longo
1053 2118 1137 2169 tem·
1191 2098 1193 2103 ’
1241 2178 1245 2184 ,

58 2228 141 2295 pore
160 2207 274 2273 nulius
288 2196 390 2306 ¹testis¹
406 2203 544 2295 produci
560 2204 685 2293 potnit,
717 2218 913 2291 utrumque,
941 2218 973 2270 et
988 2205 1137 2294 priorem

59 2323 94 2372 et
122 2306 340 2395 posteriorem
369 2306 546 2372 diaetetam
575 2304 764 2393 permovit,
801 2320 840 2372 nt
865 2328 928 2392 pro
956 2304 1137 2394 Euphileto
1173 2298 1178 2306 ’

58 2406 263 2499 sententiam
278 2404 546 2495 pronuntiarent.
680 2404 682 2411 '

463 2561 751 2586 ,Μ

670 2666 674 2673 ”
944 2663 958 2695 0

146 2711 185 2800 ὁ.
208 2713 241 2784 1.
270 2711 355 2797 rivos
375 2708 483 2777 circaea
503 2744 558 2780 -.
590 2700 664 2778 Vix
684 2710 784 2777 credo
804 2708 852 2777 ita
873 2707 914 2776 ab
935 2705 1031 2778 Isaeo
1052 2710 1137 2777 scri·

58 2831 154 2907 ptum
178 2840 264 2900 esse,
295 2813 352 2901 qui
374 2813 456 2880 alias
478 2837 609 2901 semper
630 2813 715 2879 ἕνεκα
736 2813 875 2879 habeat:
909 2812 1004 2879 nolui
1024 2827 1137 2879 tamen

58 2932 190 2985 mutare
217 2931 351 3007 propter
373 2916 526 2984 Thomae
547 2902 702 3000 Magistri
730 2912 977 2998 auctoritatem,
1011 2914 1065 2980 eui
1092 2899 1134 2983 F.

57 3020 105 3086 Α.
129 3019 276 3106 Wolfius
308 3041 436 3110 quoqne
464 3020 662 3104 obsequutuo
682 3016 863 3083 mutatione
885 3015 1044 3082 abstinuit
1064 3015 1135 3082 De·

58 3122 181 3187 mouth.
205 3120 301 3209 Lept.
324 3145 357 3208 p.
372 3120 491 3187 338-et
515 3116 691 3209 Spalding.
710 3117 853 3187 Midian.
875 3143 908 3207 p.
930 3119 974 3184 88
981 3143 991 3201 3
1019 3142 1136 3204 quam·

58 3245 160 3311 qnam
182 3223 224 3288 ab
246 3221 322 3287 aliis
350 3221 431 3289 talia
453 3220 554 3288 etiam
575 3231 689 3289 contra
711 3219 862 3286 omnium
883 3219 1034 3286 codicum
1055 3244 1136 3286 con·

58 3347 194 3392 sensum
225 3337 351 3389 mutata
378 3345 449 3388 esse
478 3322 631 3390 memini.
675 3319 903 3389 Confidentiae
930 3317 1038 3409 eirena
1059 3321 1136 3388 ubi·
1229 3401 1232 3405 ,
1299 3327 1304 3349 '

27 3492 31 3501 ,
58 3447 187 3510 cunque
216 3448 278 3514 pro
304 3423 393 3488 ἕνεκα
421 3423 582 3513 scripturn
611 3437 660 3490 est
680 3425 722 3489 ab
744 3422 930 3490 oratoribus
952 3422 1076 3510 pariter
1096 3446 1136 3488 ac
1176 3492 1180 3515 Ι

11 3570 16 3579 -
58 3526 164 3616 poetis
187 3525 367 3593 arcendum
388 3522 661 3608 assumserim,
690 3526 782 3592 velut
802 3524 978 3591 Demosth.
1002 3523 1133 3617 decor.

22 3630 92 3718 Jp.
114 3630 196 3717 322,
225 3629 279 3695 12
307 3626 391 3718 Lys.
424 3628 464 3693 de
495 3629 569 3695 olea
596 3651 630 3717 p.
651 3627 727 3693 291.
757 3626 971 3693 inEnandr.
999 3650 1033 3714 p.
1056 3627 1133 3706 791,
1203 3666 1208 3675 =

59 3730 253 3798 Ahlwardti
282 3729 468 3798 rationibus
499 3740 685 3819 permotus,
721 3748 801 3814 quas
833 3728 1012 3793 nemodum
1043 3728 1135 3794 reiu-

57 3847 143 3897 tasse
170 3831 313 3898 videtur.
364 3830 450 3899 Nam
481 3831 567 3918 quod
595 3826 795 3895 Schaeferus
822 3830 912 3919 App.
941 3828 1016 3895 crit.
1038 3828 1072 3894 11
1099 3854 1133 3917 p.
1194 3897 1197 3902 ,

58 3933 125 4000 364
145 3931 353 4022 Hesychium
375 3932 528 4022 opponit,
560 3930 646 4019 apud
668 3955 765 4016 quem
787 3947 868 3996 tom.
890 3930 927 3997 ll
946 3956 980 4019 p.
999 3931 1064 3997 816
1084 3933 1135 3996 le-

59 4033 150 4119 gitur
178 4032 298 4098 οῧνεκα.
323 4031 436 4119 χάριν,
464 4034 677 4122 depravatam
699 4055 769 4097 esse
798 4030 975 4098 lectionem
997 4012 1134 4098 demon·

58 4150 141 4201 strat
167 4135 290 4200 codicis
323 4134 486 4223 scriptura
508 4131 594 4218 apud
617 4132 813 4200 Schowinm
834 4159 868 4222 p.
891 4135 974 4200 602:
1013 4131 1133 4199 odram.

58 4232 185 4335 odgdpw
216 4235 303 4323 qnod
326 4250 462 4326 apparet
488 4258 559 4302 essa
589 4222 627 4300 οὗ
651 4230 767 4320 χάρινς
797 4235 896 4322 idque
909 4232 1135 4402 lSchaeiernm

885 4338 907 4402 3
