2632 4800
131 286 196 353 au
494 250 844 347 nonuncium

130 452 272 519 lotiones
292 449 481 535 designare,
510 471 612 534 quum
627 446 701 533 quis
720 446 850 532 pai-tem
868 465 970 532 opum
996 447 1132 510 inarum
1154 442 1209 511 dis

133 554 252 639 offert,
291 553 384 615 docet
420 550 520 615 etiam
549 546 667 634 Eurip.
699 546 928 614 Andromach.
961 544 1094 613 v.15tt.
1149 543 1207 613 01.
1240 548 1244 555 '
1315 545 1316 556 ¹

132 652 283 743 Hesych.
297 668 377 717 tom.
397 651 415 716 I
436 674 472 737 p.
489 649 570 717 1²82
593 645 726 734 ἀπαρχῆ·
746 645 917 735 προςφορὰ,
945 644 1114 732 ἀφαίρεμα.
1138 670 1209 717 scr.
1307 676 1310 693 2

133 754 310 839 ἄφαίρημα.
374 749 418 816 Et
450 752 490 815 de
519 750 652 816 tributis
679 774 808 837 quoque
835 747 1042 816 subditorum
1069 762 1119 815 est
1149 771 1209 835 ap.

134 855 246 923 Thac.
271 853 407 935 V1,20.
453 849 629 936 Ἆγάλματα
661 867 771 917 autom
798 866 874 917 sunt
902 849 1047 939 cujusvis
1073 850 1211 936 generis

135 957 293 1039 donaria,
315 979 383 1019 non
404 953 513 1020 solum
534 968 670 1019 statuae.
714 950 794 1017 Vid.
808 950 991 1020 Ruhnken.
1015 950 1057 1016 ad
1070 951 1210 1019 Timae.

134 1079 170 1145 p.
186 1059 220 1124 5.
242 1054 392 1121 Boec'kh.
410 1052 511 1141 Corp.
534 1054 691 1140 Inscript.
713 1053 732 1119 l
753 1076 786 1139 p.
801 1057 835 1120 7.
881 1051 927 1118 Td
950 1051 1030 1137 ἱερὸν
1052 1053 1212 1140 denique,

135 1183 238 1246 quum
264 1158 300 1223 in
322 1181 397 1222 arce
418 1157 501 1221 haec
521 1155 659 1222 donaria
682 1155 832 1220 dedicata
853 1154 936 1238 sint,
958 1153 1212 1223 Parthenopam

135 1283 206 1326 esse
232 1248 360 1341 statuo,
390 1257 513 1343 inquo
543 1258 690 1344 plurima
719 1254 914 1338 ἀναθήματα
941 1255 1043 1323 fuisse
1066 1268 1210 1325 constat.

136 1358 189 1429 Cf.
211 1359 338 1426 Boeck.
367 1360 393 1424 l.
420 1360 448 1435 l.
470 1382 504 1445 p.
529 1359 592 1425 176
618 1383 688 1445 sqq.
711 1397 754 1408 -
781 1350 921 1437 πολλοῖς,
961 1354 1005 1432 ὡς
1031 1357 1092 1422 ἀπὸ
1125 1358 1213 1434 ἰδίας

135 1460 286 1545 audurus:
319 1462 438 1543 ocultis,
462 1475 505 1525 'ut
530 1462 571 1525 de
593 1462 719 1546 priuato
744 1462 943 1545 patrimonio.
984 1458 1040 1525 De
1059 1461 1125 1525 hoc
1144 1483 1213 1525 usu

135 1563 318 1651 particulae
347 1559 389 1638 ὡς
420 1563 462 1628 cl.
486 1562 598 1630 Thuc.
621 1563 649 1645 I,
678 1563 720 1627 10
747 1578 834 1627 extr.
857 1560 920 1646 lV,
950 1558 995 1627 81
1014 1577 1101 1627 extr.
1123 1560 1211 1649 ibiq.

135 1663 269 1730 Duker.
292 1662 361 1745 VI,
391 1666 452 1729 20:
480 1660 583 1739 πόλεις
600 1700 644 1713 -
664 1664 701 1728 τὸ
725 1667 868 1747 πλῆθος,
897 1656 942 1738 ὥς
965 1661 998 1727 ἐν
1028 1669 1086 1751 μιᾷ
1111 1658 1212 1751 νήσῳ,

129 1764 254 1839 aalide
273 1764 331 1839 τὰς
348 1761 538 1845 Ἑλληνίδας.

220 1862 241 1949 ἡ
273 1866 305 1930 ἓν
320 1865 467 1931 Ἐλευσῖνι
494 1864 589 1950 μάχη.
632 1865 775 1932 Videtur
795 1866 937 1934 Reishio
959 1868 1041 1933 haec
1060 1865 1123 1932 illa
1144 1888 1212 1955 pn·

137 1992 204 2055 gna
226 1992 314 2051 esse,
352 1968 390 2032 de
418 1991 481 2054 qua
505 1968 723 2053 Thucydides
744 1968 774 2051 I,
803 1968 866 2035 114
888 1983 1012 2034 narret.
1074 1966 1213 2035 Scilicet

139 2071 279 2161 Olymp.
299 2068 502 2152 LXXXIII,
524 2073 557 2154 3,
587 2084 689 2156 quum
709 2070 931 2136 Athenienses
953 2072 1041 2136 bello
1062 2068 1213 2136 Euboico

139 2170 288 2258 occupati
308 2185 432 2253 essent,
461 2172 716 2237 Lacedaemonii
735 2171 936 2238 Plistonacte
960 2173 1041 2237 duce
1060 2172 1212 2239 Atticam
1279 2228 1310 2241 -

137 2273 350 2350 Invenerunt,
372 2272 526 2359 angsque
546 2297 648 2360 usque
670 2276 710 2338 ad
727 2273 917 2339 Eleusinem
928 2273 1138 2360 Thriamque
1155 2272 1213 2339 da·
1231 2306 1312 2326 —

138 2375 274 2442 vastatis
293 2388 512 2455 recesserunt;
545 2376 602 2443 sed
623 2376 789 2461 proelium
810 2375 871 2441 illo
888 2391 1036 2461 tempore
1056 2373 1313 2441 commis-—

139 2499 214 2542 sum
248 2500 318 2544 esse
346 2500 452 2561 neque
475 2475 694 2567 Thucydides
726 2492 862 2560 narrat,
899 2486 1008 2563 neque
1039 2475 1313 2562 quisquan-:1

139 2576 267 2660 credet,
303 2577 359 2664 qui
392 2579 609 2644 Plutarchum
638 2577 815 2643 contulerit
852 2577 913 2645 vit.
941 2578 1063 2647 Pericl.
1100 2602 1130 2647 c.
1157 2580 1313 2646 22...

140 2678 327 2745 Palmerius
353 2696 462 2745 autem
481 2678 674 2746 Exercitatt.
703 2703 735 2767 p.
758 2681 822 2744 670
843 2702 991 2766 pugnam
1013 2682 1102 2746 hanc
1126 2668 1315 2767 apula!

127 2778 332 2870 'Eleusinem
353 2806 391 2846 eo
407 2783 493 2846 bello
506 2781 715 2847 cornmissam
728 2805 797 2847 esse
815 2782 1019 2868 suspicatur,
1048 2781 1137 2868 quod
1157 2782 1236 2848 01.
1253 2770 1304 2838 -Ι

139 2881 290 2964 LXXX,
311 2884 333 2945 3
354 2898 482 2968 gestum
504 2908 573 2948 esse
595 2883 764 2948 Diodorus
787 2885 889 2947 refert
912 2884 972 2950 lib.
993 2883 1047 2949 XI
1071 2905 1147 2970 cap.
1161 2872 1307 2967 792⁴

141 3006 243 3069 quum
257 2983 507 3068 Megarensibus
522 2985 678 3051 adversus
692 2983 887 3051 Corinthios
905 2985 1070 3050 arixilium
1089 2985 1307 3051 ferreum

140 3083 372 3151 Athenienses.
419 3085 483 3152 Sed
499 3110 603 3172 neque
616 3087 784 3153 Diodorus
803 3087 843 3152 de
858 3087 988 3173 proelio
1012 3085 1101 3172 apud
1113 3084 1305 3152 Eleu-J

142 3185 249 3250 sinam
271 3185 435 3270 loquitur,
466 3211 571 3273 neque
595 3187 766 3275 probabile
785 3203 855 3271 est,
886 3189 924 3254 in
947 3187 1097 3255 Atticam
1112 3198 1316 3275 usqum>

143 3283 336 3353 Corinthios
369 3303 447 3351 tunc
479 3311 670 3374 progressos
701 3314 782 3355 esse.
837 3290 952 3376 Itaque
980 3304 1035 3353 aut
1062 3289 1199 3377 ignot·
1294 3310 1307 3332 ¹¹

143 3387 276 3474 aliquod
294 3389 459 3474 proelium
476 3390 658 3477 significari
676 3391 841 3474 dicemus,
861 3406 918 3455 aut
929 3388 1080 3456 Dobraei
1101 3402 1312 3457 amem·

143 3488 312 3554 dationem
343 3491 577 3575 probabimus,
613 3492 669 3577 qui
696 3493 732 3557 in
760 3492 899 3579 epistola
927 3492 968 3557 ad
987 3491 1150 3576 Rosium,
1183 3479 1305 3557 3¹²

142 3589 214 3678 huj.
237 3590 406 3677 Inscriptt.
432 3592 550 3658 Graec.
576 3608 696 3659 vetust.
721 3619 755 3681 p.
783 3592 866 3676 117,
893 3590 1046 3656 Ἐλευσῖνι
1077 3593 1116 3659 in
1139 3591 1299 3657 >tt-„t-

142 3696 207 3755 εὕσι
232 3695 427 3758 mutandum
450 3718 518 3759 esse
540 3694 664 3758 statuit.
721 3695 806 3759 Nam
836 3718 966 3783 pugnae
992 3694 1078 3784 apud
1098 3694 1183 3760 Hali
1235 3708 1288 3750 λθ

142 3792 344 3858 mentionem
376 3795 502 3859 faciunt
527 3795 685 3885 Thucyd.
718 3797 752 3879 l,
783 3795 859 3862 101.
888 3795 1030 3862 Diodor.
1065 3795 1132 3880 XI,
1163 3786 1273 3871 Γὸ,

143 3915 245 3977 eaque
268 3895 299 3957 ἐν
316 3893 445 3959 Ἆλιεῦσι
464 3896 587 3960 dicitur
608 3897 644 3961 in
665 3896 885 3983 Inscriptione
907 3922 960 3985 ap.
983 3897 1138 3962 Boeckh.
1162 3918 1216 3960 rx
1229 3912 1260 3953 0·

143 3991 217 4058 165.
236 3995 354 4060 Annus
377 4013 485 4062 autern
506 3997 605 4086 hujus
627 4022 754 4084 quoque
775 4022 906 4087 pugnae
929 4015 978 4064 est
992 3999 1051 4066 Ol.
1067 3987 1247 4075 LXXX

143 4095 177 4177 3,
198 4108 235 4158 ut
255 4095 447 4164 Boeckhins
471 4099 580 4163 docuit
603 4120 635 4184 p.
658 4099 733 4166 291.

225 4200 393 4281 φυλαρχῶν
414 4206 469 4282 τῆς
485 4197 638 4274 ’ornatos
661 4201 694 4265 lv
709 4199 902 4288 Σπαρτώλῳ.
944 4201 1000 4268 Ad
1026 4198 1220 4288 Spartolum
