2632 4800
71 223 80 241 ’
109 276 175 342 aas
467 236 516 337 ια’
537 265 819 337 οιιιιιοιαιι

109 444 147 508 in
167 440 220 532 jas
238 452 336 508 vocat
352 437 439 528 apud
455 437 662 505 anebontem.
705 430 913 520 Προκλῆσεας
929 436 1124 526 exemplum
1137 449 1189 502 est

110 542 196 632 apud
218 540 395 608 Demostb.
417 539 493 606 adv.
513 524 659 628 Gallipp.
681 560 716 627 Ρ.
738 537 835 615 1239,
855 537 897 604 5.
933 534 1041 620 ἢξίοαν
1060 537 1188 623 ἐμφανῆ

110 647 317 725 καταστῆσαι.
339 637 556 727 πρασκλῆσεως
576 662 630 728 ap.
652 638 753 709 eund.
775 639 852 706 adv.
871 637 972 705 Ninos
1007 638 1187 728 .Ρ.,1151

110 742 415 831 aaoqumtoc.
444 743 489 809 of.
518 739 658 807 deord.
687 739 758 830 jud.
787 740 1008 828 Ρ..758ιι
1031 743 1086 808 12.
1131 738 1186 807 cf.

111 845 211 912 etiam
232 842 378 934 Dionys.
405 840 476 932 jud.
499 841 539 907 de
560 840 656 908 Isaeo
683 866 717 930 Ρ.
739 838 816 927 345,
838 840 898 906 ubi
917 855 1006 908 reete
1026 840 1188 908 Reiskius

109 970 226 1016 veram
251 943 429 1011 lectionem
458 942 616 1009 defendit.
671 941 795 1009 Nostro
829 957 939 1009 autem
968 944 1043 1008 looo
1070 966 1188 1010 veram

110 1071 181 1115 esse
202 1045 353 1113 codicum
375 1060 407 1111 et
426 1044 510 1111 Alai
535 1044 713 1110 lectionem
733 1043 983 1128 προσεκαλέσατο
1004 1044 1061 1110 vel
1080 1040 1131 1111 δι’
1147 1066 1190 1110 eo

109 1147 324 1217 muitarum
352 1161 419 1230 est,
448 1144 535 1234 quod
558 1145 646 1232 apud
668 1144 863 1210 anebontem
883 1167 937 1211 res
958 1158 1031 1211 aeta
1049 1144 1188 1229 dieitur,

45 1310 48 1315 .
111 1274 157 1319 ex
176 1273 241 1337 qno
271 1263 408 1339 apparet
433 1246 543 1336 injus
564 1261 720 1315 vocatum
741 1270 812 1313 esse
834 1246 1090 1338 Pythonem,
1119 1268 1200 1312 non

111 1365 329 1439 provoeatum
349 1348 560 1435 simpliciter.
605 1346 747 1434 'Quippe
768 1362 1007 1434 provocaverat
1027 1372 1105 1415 eum
1127 1370 1202 1413 an-

111 1469 165 1519 tea
192 1450 371 1532 Euctem03
409 1449 602 1515 detrectenti
631 1449 710 1515 dein
742 1450 830 1533 δίκην
866 1448 1022 1516 intendite
1076 1447 1198 1536 Atque

110 1550 358 1639 προσεκαλέσατο
378 1551 481 1617 etiam
493 1550 792 1639 Harpocrationem
805 1552 842 1618 h.
859 1551 886 1617 1.
900 1551 1022 1636 legisse
1039 1567 1191 1643 apparet.

111 1655 222 1722 Affert
242 1651 334 1719 enim
349 1653 413 1718 boo
432 1667 602 1740 tamquam
623 1653 711 1736 δίκης
730 1654 773 1729 είς
794 1652 869 1738 ίμφ.
891 1675 964 1718 κατ.
978 1654 1200 1742 ειιαιιιΡΙιιιιις,

113 1756 185 1840 δίκη
213 1770 324 1843 autem
351 1754 446 1820 nulla
467 1769 538 1821 erat
563 1753 636 1821 sine
657 1751 856 1840 προσκλήσει.
898 1753 997 1838 Quod
1018 1769 1133 1820 autem
1151 1753 1184 1819 in

113 1850 194 1924 eod.⁴
213 1855 345 1946 Orippo.
374 1870 448 1945 post
474 1857 723 1942 προσεκαλέσατο
751 1856 885 1922 additur
912 1856 1013 1921 etiam
1034 1852 1114 1941 πρὸς
1134 1853 1184 1920 air

72 2000 78 2011 ι
114 1957 255 2044 ἄρχοντα
262 2002 274 2037 ,
309 1956 452 2024 librario
479 1957 594 2024 deberi
621 1958 787 2043 arbitror,
825 1956 883 2045 qui
919 1957 961 2023 ad
995 1955 1183 2045 proximum

113 2084 248 2130 vorsum
263 2058 482 2126 aberraverit.
523 2059 611 2125 Nam
626 2060 668 2124 ad
687 2058 880 2126 arebontem
900 2058 937 2124 iu
957 2057 1011 2150 jus
1032 2073 1185 2126 vocaturn

114 2184 185 2228 esse
212 2160 465 2253 Pythodorum,
496 2161 596 2227 etiam
622 2173 751 2227 tacente
778 2175 911 2226 oratore
925 2183 984 2224 res
1006 2160 1079 2249 ipsa
1100 2158 1185 2250 judi·

115 2287 168 2329 ees
190 2263 348 2344 docebat,
388 2260 518 2327 etiamsi
545 2284 615 2327 non
644 2284 762 2329 omnes
790 2263 879 2338 δίκας
899 2260 941 2336 είς
961 2260 1038 2347 ipo.
1058 2257 1186 2327 κατάστ.

116 2365 158 2429 ad
189 2362 382 2428 anebontem
408 2360 607 2451 pertinuisse
637 2364 736 2430 saoile
756 2363 884 2452 largiar
903 2361 1031 2429 Meiaro
1051 2363 1093 2430 de
1116 2361 1185 2430 ord.

115 2465 187 2557 jud.
216 2488 250 2553 p.
279 2462 336 2531 45.
364 2501 408 2513 -
438 2461 599 2552 Sequenti
631 2480 743 2533 autem
771 2489 872 2534 versu
903 2488 974 2531 non
1001 2478 1074 2531 erat
1103 2463 1187 2553 quoti

116 2564 294 2634 Bekkerus
325 2562 582 2650 καταστήσαντας
611 2566 842 2656 potiusquam
869 2562 1087 2643 καταστάντος
1106 2564 1187 2634 sori·

115 2666 262 2733 bendum
285 2665 460 2757 judicaret.
513 2670 627 2755 Neque
654 2669 746 2735 enim
770 2669 984 2759 Pythodorus
1012 2667 1187 2735 Euctemo-

118 2792 207 2851 nem‚
237 2791 314 2834 reus
336 2782 497 2848 actorem,
527 2771 568 2835 ad
591 2771 759 2837 archontis
779 2770 928 2836 tribunal
949 2769 1100 2855 deduxit,
1131 2768 1186 2837 sad

9 2904 13 2910 ·
119 2871 162 2936 ab
182 2870 246 2934 hoo
270 2869 389 2936 citatus
417 2872 498 2934 stitit
517 2872 552 2935 ι’νι
570 2871 671 2957 jem
708 2874 773 2938 hoe
798 2887 850 2937 est
872 2871 962 2936 enim
982 2876 1184 2955 καταστῆναι.

121 2969 276 3039 Ceterum
297 2994 380 3056 quae
400 2971 513 3038 statim
533 2990 730 3055 narrantur,
759 2972 797 3038 in
818 2971 974 3057 ἀνακρίσει
988 2987 1061 3038 acta
1082 2968 1188 3040 videri

54 3090 69 3147 j
122 3073 260 3151 debent,
294 3071 332 3136 in
358 3094 459 3159 eaque
487 3074 628 3140 sortasse
657 3097 711 3140 res
732 3089 896 3141 transacta
918 3088 985 3158 est,
1021 3098 1129 3161 neque
1148 3069 1187 3139 ui

123 3170 289 3239 dicasterii
308 3174 531 3260 cognitionem
553 3175 702 3241 deducta.

206 3273 244 3361 ἦ.
266 3275 321 3341 32.
352 3273 454 3358 ἐπειδὴ
477 3277 511 3340 δ’
533 3272 549 3342 ὃ
572 3273 774 3362 Πυθόδωρος
792 3313 846 3342 -.
870 3274 1094 3344 Gontinebaut
1112 3276 1186 3343 ilisa

123 3376 255 3443 tabulae
283 3375 469 3464 pactionem
496 3380 664 3465 quandam
692 3379 781 3445 inter
800 3378 1037 3445 Euctemonem
1058 3378 1187 3469 ejusque

123 3477 261 3543 heredes
280 3478 421 3562 factam,
448 3503 550 3566 quum
572 3481 613 3548 de
632 3482 784 3570 portione
804 3482 967 3547 bonorum
988 3481 1104 3569 spurio
1121 3479 1189 3546 filio

123 3577 340 3665 relinquenda
346 3625 358 3662 ,
385 3594 456 3646 tum
476 3580 616 3648 fortasse
637 3584 678 3648 de
699 3583 775 3651 aliis
796 3584 914 3661 rebus,
946 3606 1030 3668 quae
1051 3606 1120 3648 non
1140 3580 1189 3647 di·

125 3695 211 3747 serte
238 3697 551 3750 commemorantur.
595 3681 663 3750 seo
683 3685 830 3750 arbitror
847 3684 885 3751 iu
905 3683 959 3750 bis
979 3684 1082 3751 etiam
1106 3680 1189 3749 inat

123 3779 248 3860 tuisse,
280 3797 318 3847 ut
345 3806 391 3855 ato¹
413 3783 532 3851 liceret
556 3784 752 3852 Euctemoni
771 3787 813 3852 de
839 3785 985 3875 praediis
1005 3786 1076 3852 suis
1095 3783 1190 3872 quid-

126 3902 225 3968 quam
243 3882 453 3972 abalienare,
479 3886 547 3952 nisi
560 3886 704 3955 illorum
725 3912 899 3955 consensu.
941 3886 981 3953 ld
1003 3887 1095 3953 euim
1113 3885 1191 3953 iuda

125 4005 282 4072 apparere
306 3983 457 4073 videtur,
489 3989 577 4076 quod
596 3991 710 4078 paullo
731 4006 807 4055 ante
828 3990 866 4077 §.
887 3991 932 4056 30
951 3986 1190 4056 dependendis

126 4084 272 4174 praediis
289 4085 336 4173 ita
363 4088 514 4175 loquitur
533 4106 666 4174 orator,
692 4096 789 4178 quasi
807 4091 882 4158 fieri
903 4092 966 4159 boo
986 4115 1057 4157 non
1077 4105 1190 4181 potue·

1 4251 3 4256 .
125 4184 339 4272 aitquandin
352 4188 531 4278 pastioilla
547 4188 580 4276 (ἦ
596 4188 748 4281 διηθήκη)
762 4206 925 4279 maneret,
966 4190 1062 4261 Haeo
1082 4206 1192 4261 autaut
