2632 4800
170 316 268 390 'DE
289 316 672 390 PHILOGTEMONIS
693 321 1014 397 HEREDITATE.
1088 331 1156 399 323
1244 266 1247 271 ¹

85 481 168 557 Nam
189 485 460 569 Chaerestratus,
488 514 590 575 quum
611 490 694 557 baec
714 490 822 558 oratio
843 492 1040 580 haberetur,
1069 497 1152 564 ado·

10 629 14 639 ι
89 586 208 679 lescens
228 592 338 658 adhuc
357 591 422 656 fuit
443 591 527 676 (vid.
551 590 588 678 §.
610 592 680 679 60),
693 616 815 680 „neque
835 591 941 680 igitur
960 595 1068 684 potuit
1088 600 1163 664 ex·‘

10 738 13 751 ,
90 693 244 777 peditioni
265 707 341 762 ante
362 692 445 759 dnos
467 708 500 759 et
520 692 760 781 quinquaginta
782 718 886 760 annos
908 711 1076 786 susceptae
1096 697 1174 775 ine

10 824 14 845 ·
91 807 213 863 teresse.
255 791 308 861 Ac
333 818 376 859 ne
398 796 471 881 quis
492 810 638 861 veterem
664 795 841 862 lectionem
861 794 1066 882 Μενὲσρατος
1090 823 1152 868 ve·

84 915 154 963 tam
182 914 253 963 esse
282 908 314 961 et
345 896 491 983 aliquem
517 895 581 963 boc
601 895 736 975 nomine
763 896 985 987 propinquum
1007 895 1153 968 Chaere·

80 997 175 1065 susti
201 995 371 1084 designari
397 1000 528 1081 credat,
559 997 721 1084 cnissis,
750 998 807 1084 qni
834 999 1019 1066 orationem
1040 999 1152 1086 babet,

73 1114 157 1167 ante
175 1097 220 1166 52
240 1121 343 1165 annos
365 1122 474 1165 comes
495 1099 616 1166 fuerit:
644 1099 791 1188 primam
813 1099 869 1165 bie
889 1095 1170 1188 ipselllenestra·'

69 1206 135 1268 lus
153 1200 228 1288 quis
249 1216 334 1273 esset
353 1199 497 1267 indicari
518 1200 606 1266 bend
628 1201 727 1267 dubie
753 1200 918 1292 judicibus
941 1200 1067 1267 debuitt
1096 1201 1153 1291 qni
1242 1186 1244 1197 ¹

10 1382 12 1387 Ι
64 1302 172 1369 onim
191 1317 326 1370 nossent
347 1302 535 1385 hominem,
569 1300 663 1391 cujus
684 1303 749 1368 hoc
779 1326 846 1369 uno
874 1303 949 1369 loeo
968 1325 1076 1390 neque
1096 1327 1154 1371 us·

10 1422 15 1509 τι
65 1419 179 1487 qnam
210 1418 379 1493 praeterea
405 1428 465 1493 per
489 1417 593 1471 totam
620 1401 806 1470 orationem
826 1403 952 1469 mentio
979 1406 1043 1475 fit?
1077 1404 1154 1471 dein
1181 1484 1187 1495 Ι

10 1518 14 1615 t
65 1505 260 1571 absurdum
280 1507 367 1572 soret
387 1528 407 1570 a
428 1505 489 1571 teli
510 1528 547 1571 re
562 1528 601 1570 ac
621 1519 690 1571 tem
710 1503 826 1571 multis
848 1519 923 1571 ente
944 1504 1040 1571 annis
1062 1521 1155 1593 gesta

71 1621 314 1695 argumentum
345 1607 449 1697 repeti
480 1606 646 1673 amicitiae
674 1607 764 1674 inter
800 1603 970 1693 συνήγορον
1002 1628 1154 1694 eumque,

74 1723 177 1791 qnam
198 1708 361 1793 defendit,
399 1708 660 1793 adolescentem,
695 1707 754 1795 qni
774 1707 909 1795 quidem
930 1721 1008 1774 tunc
1029 1719 1155 1774 ne'na·

78 1817 136 1876 tns
160 1810 293 1897 quidem
321 1826 407 1876 eretz
441 1826 478 1876 nt
508 1826 634 1876 taceam
661 1811 750 1876 huuc
771 1809 882 1898 ipsum
910 1805 1097 1894 συνήγορον,
1115 1808 1156 1876 'si

83 1909 212 1992 quidem
240 1910 334 1978 illins
355 1914 416 1979 snb
436 1910 632 1979 Arimnesto
653 1910 875 2000 expeditionis
895 1909 1060 2000 particeps
1080 1911 1154 1987 sue-

22 2030 52 2093 ''.
87 2007 146 2095 rit,
171 2037 259 2079 nnnc
280 2015 354 2102 plus
377 2038 480 2101 quem>
497 2012 787 2104 septuagenarium
808 2036 879 2080 esse
900 2027 1069 2101 oportere,
1099 2011 1155 2078 cui

91 2203 193 2303 ltaque
221 2231 280 2283 eut
311 2217 413 2284 aliam
441 2217 631 2307 quampiam
666 2215 914 2306 expeditionem
943 2213 1154 2283 Siciliensem

10 2323 46 2416 [d
93 2305 220 2407 lsslelligi
244 2332 393 2408 oportet,
421 2335 497 2403 aut,
531 2318 713 2386 si'nnllnm
734 2335 808 2406 post
828 2317 956 2382 cladem
976 2316 1073 2383 illam
1093 2315 1156 2384 Ni·
1284 2408 1289 2417 ὰ

10 2444 39 2495 „r
95 2411 211 2486 lienem
230 2419 268 2487 in
290 2418 407 2486 Sicilia
435 2422 561 2487 bellum
583 2422 624 2486 ab
647 2410 909 2486 Atheniensibus
932 2431 1063 2503 gestum
1085 2439 1156 2484 esse

91 2535 229 2603 tonstat,
264 2522 375 2589 nescio
406 2546 486 2588 sane
515 2522 594 2609 qnid
621 2520 812 2587 faciendum
842 2518 897 2584 sit.
955 2518 1043 2585 Nam
1069 2516 1155 2584 illud

10 2622 41 2687 i·
89 2620 214 2703 qudem
246 2623 309 2690 vix
335 2624 471 2712 impune
498 2622 584 2689 mibi
614 2622 782 2688 abiturum
804 2643 875 2685 esse
896 2642 1010 2709 spero,
1028 2618 1069 2685 'si
1090 2618 1155 2685 hoc

10 2734 51 2782 r·
91 2720 126 2799 tle
148 2726 292 2791 Σικελίαν
319 2749 456 2815 prorsus
488 2723 781 2792 exterminandum
810 2720 979 2803 dixerim,
1009 2733 1046 2784 ut
1075 2742 1156 2810 pro·

10 2813 20 2880 ⁸⁸
86 2820 201 2893 buum
229 2827 270 2893 ab
292 2827 423 2915 eliquo,
462 2827 520 2914 qui
540 2825 647 2913 magis
669 2823 827 2890 disertam
855 2821 948 2887 illius
970 2818 1158 2909 expeditio·
1267 2829 1271 2836 ’

10 2951 13 2964 ’
83 2924 132 2996 lis
151 2927 415 3016 designationem
436 2929 625 3015 requirens,
647 2949 750 3013 quum
762 2923 877 3014 paullo
898 2921 986 2988 iufra
999 2918 1158 2989 Sicilien-

82 3050 149 3096 sem
183 3029 439 3096 commemorari
465 3031 612 3113 videret,
656 3029 743 3093 hene
765 3027 865 3092 etiam
884 3025 949 3090 hoc
971 3025 1045 3089 loco
1067 3022 1157 3090 desi-

79 3130 179 3218 gnari
191 3130 342 3221 opinatus
356 3133 461 3199 verba
474 3132 538 3198 ista
561 3133 603 3207 εἰς
616 3130 756 3194 Σικελίαν
770 3124 918 3212 margini
931 3124 1156 3214 adscripserit,
1288 3125 1291 3129 ’

12 3252 15 3257 ·
76 3233 168 3299 node
193 3248 265 3321 post
293 3256 314 3299 a
334 3233 482 3302 librariis
514 3233 552 3301 in
573 3233 684 3323 ipsum
705 3227 866 3298 orationis
886 3239 1080 3294 contemtum
1100 3250 1157 3292 re·

75 3347 172 3423 capta
203 3333 282 3401 sint.
333 3336 456 3403 Talem
476 3333 598 3404 veteris
619 3331 760 3423 alicujus
786 3328 921 3397 lectoris
943 3352 1091 3396 errorem
1112 3351 1156 3394 ne
1224 3390 1225 3395 ,

74 3434 152 3523 quis
180 3458 319 3525 prorsus
344 3437 577 3505 incredibilem
604 3449 736 3502 censeat
755 3428 889 3501 Reiskii
915 3430 957 3496 ad
978 3431 1015 3497 b.
1042 3432 1071 3496 l.
1093 3452 1154 3495 en·

72 3535 205 3604 notatio
226 3536 348 3625 leciet,
379 3540 451 3607 sive
481 3562 520 3606 ea
541 3537 689 3629 Teylori
708 3550 775 3602 est:
814 3546 981 3619 „ecloum
1001 3544 1047 3597 ee}
1067 3531 1100 3598 Ιι.
1128 3533 1152 3597 l.

72 3651 201 3707 munt
230 3640 314 3706 hooc
344 3665 473 3707 causum
500 3653 624 3706 tenmte
653 3639 734 3704 bello
754 3632 1037 3722 Peloponnesiaco,
1066 3632 1158 3697 bared

72 3742 177 3809 ”⁸²¹⁰
199 3753 272 3827 P⁰³l
301 3744 424 3809 dudem
450 3745 484 3808 in
513 3741 634 3825 Sicilia
663 3752 842 3824 occeptum,
876 3748 983 3802 oetam
1001 3731 1156 3818 fiebse.“
1287 3768 1290 3775 -

71 3840 168 3932 Ipsis
194 3859 305 3910 sutem
326 3844 468 3912 oratoris
491 3843 698 3912 auditoribus
719 3840 818 3906 istam
841 3833 1068 3907 Chaerestreti
1093 3857 1155 3901 ex·

71 3941 303 4037 proditionem,
340 3962 452 4038 ntpote
485 3961 650 4013 recentem
677 3940 767 4009 haud
798 3936 899 4006 dubia
926 3950 960 4003 at
987 3934 1154 4026 plerisque

70 4057 214 4135 notam,
244 4045 400 4120 disertius
421 4047 590 4140 designari
608 4044 698 4114 haud
720 4065 802 4135 opus
821 4039 904 4182 l'uip.⁴
932 4146 949 4180 ἢ
