2632 4800
187 259 253 324 316
547 252 598 321 ΙΝ
619 249 899 320 onlrlottaot

187 427 299 507 lieret,
335 423 365 489 si
394 420 612 488 hereditatem
639 436 810 509 paternam
831 445 907 486 cum
933 418 1002 486 illis
1023 417 1143 508 partiri
1163 441 1268 504 coge·

188 541 291 592 retur.
350 523 448 606 Quod
477 548 577 609 quum
606 522 834 608 intelligerent
862 521 1038 587 necessarii
1064 519 1268 609 persuadent

187 625 432 693 Philoctemoni
461 639 498 689 ut
525 624 612 690 sinat
637 624 736 690 illum
756 626 857 691 Alces
883 623 991 689 filium
1017 623 1054 687 in
1075 620 1268 710 phratriam

187 727 303 794 induci
333 749 501 811 unumque
534 725 566 792 ei
601 749 720 811 agrum
749 751 793 792 ex
819 723 1032 791 Euctemonis
1060 722 1268 812 patrimonio

188 828 308 915 legari.
352 828 403 893 lta
424 851 462 891 re
483 839 647 893 transacta
669 829 780 915 aliquo
793 843 867 916 post
887 842 1033 915 tempore
1054 826 1269 892 Philoctemo

188 930 226 999 in
252 953 363 1018 pugna
392 929 478 1016 apud
509 925 633 994 chium
659 944 802 995 mortem
833 929 920 1012 obit;
962 927 1122 994 Euctemo
1151 941 1269 992 autam

190 1056 271 1120 quae
293 1055 369 1095 cum
389 1030 461 1095 filio
482 1029 651 1118 pepigerat
673 1054 785 1096 coram
807 1031 938 1118 generis
954 1028 1104 1096 Chaerea
1124 1043 1157 1093 et
1174 1028 1268 1094 Pha-

188 1146 337 1199 nostrato
364 1131 486 1197 tabulis
514 1132 705 1215 consignata
737 1133 823 1221 apud
857 1134 1002 1199 amicum
1029 1130 1268 1220 Pythodorum

191 1231 385 1321 Cephisium
395 1232 539 1322 deponit.
563 1233 730 1299 Relictam
740 1249 850 1319 antem
862 1234 961 1299 etiam
979 1258 998 1299 a
1011 1214 1271 1299 Philoctemone⁸

191 1349 262 1401 erat
282 1348 531 1416 testamentum,
555 1358 638 1420 quo,
668 1359 769 1421 quum
789 1336 861 1424 ipse
882 1336 1004 1401 liberos
1025 1358 1094 1399 non
1114 1334 1266 1417 haberet,

191 1434 317 1503 sororis
338 1457 416 1500 suae
439 1450 471 1500 et
485 1435 699 1502 Phanostrati
719 1436 827 1503 filium
842 1434 1108 1505 Chaerestratum
1129 1434 1266 1525 adopta-

190 1552 297 1605 verat.

160 1648 162 1655 '
275 1637 359 1703 Mox
377 1637 566 1705 Androcles
597 1654 628 1705 et
649 1640 854 1728 Antidorus,
884 1640 1096 1709 Euctemonis
1118 1638 1264 1725 cognati,

192 1765 256 1828 quo
278 1764 390 1806 senem
412 1739 615 1830 decrepitum
642 1756 675 1808 et
702 1759 836 1832 propter
862 1757 1002 1810 aetatem
1024 1741 1127 1811 etiam
1156 1757 1277 1806 mente

128 1854 131 1860 '
192 1843 303 1909 minus
321 1840 473 1908 validum
491 1842 696 1931 despolient,
722 1844 913 1912 societatem
932 1869 1008 1910 cum
1025 1844 1109 1910 Alce
1132 1842 1314 1924 ineunt3,

192 1944 390 2033 persuadent
409 1940 624 2025 Euctemoni,
652 1961 689 2010 ut
709 1947 838 2013 tabulas
859 1946 954 2030 illas,
985 1970 1064 2033 quas
1086 1945 1172 2033 apud
1195 1943 1250 2033 Py

193 2046 372 2110 thodorum
386 2042 600 2131 deposuerat,
628 2049 743 2133 tollat,
770 2049 849 2113 dein
863 2050 983 2114 fundos
1000 2072 1077 2113 suos
1091 2044 1248 2113 divendat

194 2146 314 2236 quippe
345 2161 498 2211 nummo's
525 2148 657 2215 facilius
679 2174 777 2236 qnam
805 2150 925 2216 fundos
953 2148 1114 2234 legitimis
1134 2146 1279 2213 heredi

193 2250 256 2314 hus
277 2247 427 2313 subtrahi
448 2272 562 2334 posse:
595 2274 728 2317 omnem
749 2276 821 2317 rem
841 2253 1043 2318 familiarem
1054 2247 1314 2316 Euctemonis

194 2349 260 2440 ipsi
290 2349 338 2414 ita
359 2348 610 2436 administrant,
640 2368 677 2418 ut
698 2377 742 2419 ex
761 2354 947 2420 lautissimo
968 2350 1169 2443 patrimonio
1192 2374 1308 2439 per·

195 2466 446 2542 paucatantum
467 2453 595 2539 reliqua
615 2457 711 2537 fiant;
752 2455 893 2541 denique
915 2480 952 2521 eo
975 2454 1132 2521 audaciae
1151 2475 1303 2543 proce·

197 2556 296 2636 dunt,
323 2566 360 2617 ut
380 2551 460 2618 vivo
482 2555 582 2621 etiam
603 2580 680 2622 sene
703 2557 894 2623 archontem
914 2559 1051 2640 adeant,
1080 2555 1169 2622 filios
1190 2554 1295 2620 illos

195 2656 296 2723 Alces
327 2655 368 2718 ab
391 2651 577 2739 Ergamene
606 2672 638 2723 et
659 2659 933 2742 Philoctemone,
964 2658 1126 2725 defunctis
1147 2655 1289 2721 Estote·

196 2757 303 2822 monis
324 2755 422 2837 filiis,
454 2758 624 2847 adoptatos
646 2785 744 2847 seque
765 2761 807 2826 iis
829 2776 952 2826 tutores
974 2752 1107 2826 relictos
1130 2782 1200 2825 esse
1225 2755 1283 2821 si·

198 2867 324 2931 molent
347 2865 497 2949 bonaque
522 2885 635 2926 eorum
658 2862 780 2927 elocari
803 2864 979 2951 postulent.
1022 2860 1136 2947 Neque
1158 2875 1276 2924 tamen

196 2968 261 3033 hoc
284 2966 448 3044 efficiunt,
477 2987 578 3050 quum
601 2964 725 3028 archon
747 2980 778 3028 et
800 2963 924 3053 judices
947 2965 988 3028 ab
1010 2962 1126 3028 amicis
1149 2961 1271 3026 detun-

197 3083 326 3133 ctorum
346 3067 521 3133 veritatem
543 3065 649 3130 edocti
676 3066 813 3130 illorum
834 3068 996 3154 postulata
1017 3064 1181 3152 rejiciant.

283 3168 437 3234 Tandem
465 3167 624 3232 Euctemo
651 3168 795 3232 moritur
825 3192 928 3234 annos
955 3181 1050 3232 natus
1071 3189 1134 3231 sex
1154 3179 1185 3228 et
1205 3179 1260 3224 no·

198 3269 346 3355 naginta.
400 3268 626 3335 Hereditatem
647 3268 717 3359 ejus
739 3270 821 3358 petit
843 3267 1114 3350 Chaerestratus,
1148 3264 1255 3331 Eucte·
1314 3325 1316 3350 J

198 3371 309 3439 monis
336 3394 380 3436 ex
410 3373 513 3435 altera
544 3370 615 3435 filia
645 3385 677 3435 et
698 3370 918 3437 Phanostrato
938 3394 1059 3458 nepos,
1093 3367 1149 3454 qui
1168 3388 1200 3432 se
1216 3356 1249 3423 ab
1312 3428 1313 3432 ,

199 3474 364 3539 avunculo
390 3471 642 3537 Philoctemone
664 3472 852 3560 adoptatum
874 3473 954 3539 dicit
975 3472 1134 3557 ideoque,
1165 3482 1246 3555 quum

200 3575 310 3640 nullos
325 3573 491 3660 legitimos
511 3573 599 3638 filios
615 3574 774 3639 Euctemo
790 3574 994 3661 reliquisset,
1015 3597 1121 3659 neque
1136 3578 1244 3657 nepotes
1311 3636 1316 3661 ς

201 3690 310 3741 essent
332 3700 375 3739 ex
394 3673 581 3760 Ergamene
610 3690 641 3740 et
661 3674 870 3761 Hegemone,
907 3690 1009 3740 totam
1039 3672 1244 3741 hereditatem,
1312 3752 1314 3759 y

201 3799 302 3863 quae,
335 3776 364 3841 si
384 3775 591 3843 Philoctemo
618 3777 767 3862 viveret,
801 3780 842 3844 ad
870 3779 959 3843 hunc
980 3792 1119 3844 ventura
1140 3773 1244 3849 fuisset,
1304 3836 1316 3859 ,1

201 3901 289 3942 nunc
310 3877 393 3956 sihi,
419 3878 490 3943 filio
513 3879 583 3966 ejus
605 3880 780 3969 adoptivo,
813 3877 996 3967 adjudicari
1017 3878 1170 3967 postulat.
1206 3869 1248 3938 Ex

202 3977 306 4044 altera
327 3993 439 4045 autom
459 3994 553 4067 parte
570 3980 756 4047 Androcles
776 3981 923 4070 procedit
945 3979 1182 4045 etAntidorus.
1218 3972 1251 4040 Et

203 4080 388 4146 Androcles
418 4082 550 4166 quidem
573 4082 652 4149 duas
684 4107 737 4148 res
759 4083 828 4170 agit
855 4085 953 4171 plane
974 4083 1062 4146 inter
1082 4106 1116 4146 se
1138 4093 1253 4145 contra·

204 4180 288 4261 rias3
328 4182 475 4269 primum
506 4183 594 4250 enim
632 4187 771 4251 alteram
803 4209 846 4251 ex
875 4183 1088 4251 Euctemonis
1125 4183 1255 4262 filiabus,
