2632 4800
404 250 849 338 PRAEFATIO
1123 293 1161 341 n

83 439 176 507 Fuit*
194 437 395 536 Batopedii,
428 446 483 506 eat
510 439 619 507 musei
645 437 829 506 Britannici
856 438 1007 537 (Burnei.
1037 440 1091 511 95.
1119 441 1163 511 B.

84 559 125 646 f.)
148 559 285 627 delatus
304 558 340 625 in
358 556 518 645 Angliam
533 558 747 646 Burncioque
764 558 916 626 venditus
936 559 980 625 ah
1001 581 1044 627 eo
1066 562 1162 642 cuius

84 699 213 744 nornen
232 677 321 763 gerit
340 676 469 745 itineris
491 675 662 744 Glurkiaui
683 678 787 745 socio.
828 677 905 748 viu.
919 677 1030 745 Beki.
1054 676 1097 745 Q.
1117 678 1161 746 A.

84 792 208 865 tom.1
234 818 268 883 p.
288 797 320 863 3.
342 831 386 846 -
405 795 506 863 Alter
525 796 567 863 B.
594 795 844 863 Laurentianus
871 805 942 881 est,
975 800 1020 865 ad
1047 796 1164 885 Gripp·

86 913 174 980 siani
206 913 342 980 laudem
375 915 525 1002 proxime
563 917 751 1001 accedeus,
792 916 975 983 secundum
1007 915 1163 983 Bandinii

86 1031 282 1118 catalogum
308 1030 418 1101 soll
446 1054 480 1120 p.
506 1033 572 1104 532
598 1036 815 1124 chartaceus,
850 1034 961 1101 forma
986 1036 1162 1124 quadrata,

87 1149 220 1218 saeculi
247 1151 369 1218 decimi
399 1151 512 1240 quinti.
554 1153 693 1220 Tertius
713 1154 755 1220 L.
777 1153 970 1220 Marcianus
991 1153 1162 1242 (Appenni.

87 1269 191 1336 class.
211 1269 244 1336 8.
266 1272 341 1336 cod.
358 1271 404 1356 6.)
426 1269 723 1358 membranaceus,
749 1273 903 1341 loliorum
927 1272 1002 1358 14⁰,
1023 1293 1163 1360 quorum

87 1388 194 1476 primo
221 1388 310 1455 haec
340 1387 470 1475 scripta
499 1397 576 1457 suut
605 1411 628 1456 a
655 1410 756 1456 mauu
781 1392 989 1458 recentiores
1022 1399 1089 1455 τοῖν
1109 1390 1163 1457 ιιιδ

87 1510 208 1594 παλαιᾷ
239 1506 347 1591 γένους
376 1505 498 1596 εὐδοξίᾳ
526 1508 579 1571 aul
605 1509 673 1591 περὶ
702 1505 800 1594 ὄμφιο
826 1506 873 1575 sei
901 1504 984 1593 λόγια
1017 1513 1161 1596 προκοπῇ
1223 1594 1226 1601 Α

29 1616 35 1625 ’
88 1620 303 1710 διαφερόντων
324 1621 453 1727 laridum
479 1623 590 1714 παδλρ)
610 1627 663 1691 nal
684 1626 838 1714 λαδιολδῳ
856 1631 1043 1713 ποορλιλιιῦν
1062 1624 1164 1713 κομι)-

86 1767 164 1809 τοιν.
186 1742 297 1810 Beli.
325 1744 349 1812 l.
379 1744 403 1811 l.
444 1744 511 1813 Hic
532 1767 631 1834 quum
658 1747 692 1811 in
713 1745 864 1813 omuibus
884 1745 959 1812 lere
982 1768 1057 1814 oum
1077 1745 1164 1816 Vra

88 1863 273 1931 tislaviensi
305 1866 492 1952 conspiret,
528 1886 551 1932 a
568 1864 737 1932 Belikero
763 1886 831 1932 non
857 1864 921 1933 uisi
948 1868 994 1933 ad
1019 1867 1162 1953 primam

90 1989 124 2049 et
143 1983 280 2050 tertiam
300 1985 485 2051 oraticnem
507 1984 650 2051 collatus
673 1993 742 2052 ests
776 1987 959 2050 secundam
988 1985 1074 2051 enim
1096 2007 1163 2052 non

90 2101 212 2187 hahet,
242 2124 351 2192 nequo
372 2104 499 2190 primae
520 2112 650 2190 partem
677 2103 908 2191 posteriorem.
952 2104 1099 2178 Quartus
1119 2104 1161 2173 P.
1266 2102 1273 2121 ’“

90 2220 333 2288 Ambrosianus
355 2221 412 2307 (A.
433 2224 502 2309 99.)
524 2224 742 2307 chartaceus,
770 2222 881 2289 forma
902 2225 1082 2309 quadratu,
1113 2223 1163 2289 fo-

90 2340 208 2407 liorum
227 2341 305 2426 266,
328 2349 407 2408 ante
427 2349 580 2408 oratores
602 2342 704 2408 etiam
725 2340 1028 2428 Harpocrationem
1049 2341 1164 2410 hahet.

90 2459 163 2528 Fol.
184 2459 250 2526 216
270 2480 369 2527 verso
389 2460 477 2527 haec
496 2461 668 2546 legunturr
705 2464 750 2546 τῷ
772 2464 955 2546 συντελεστῇ
974 2464 1042 2525 τῶν
1058 2463 1163 2525 καλῶν
1273 2462 1278 2473 “

90 2582 157 2666 θεῷ
187 2575 288 2661 χάρις.
319 2574 470 2663 μιχαῆλος
499 2577 628 2665 ἄργιῖος.
666 2577 700 2643 ἓν
730 2577 901 2666 φλαιριντδρ
930 2575 1014 2645 πόλει
1042 2581 1164 2656 iratior

90 2697 168 2780 μετὰ
191 2700 314 2763 πολλῶν
335 2696 509 2763 dilmarici
524 2694 642 2781 scirpo
663 2694 823 2782 ἰξίγραψα
842 2695 880 2760 νδ
903 2696 1029 2782 ἐπίκλην
1049 2693 1164 2781 suigaut

90 2817 143 2882 acl
164 2813 357 2902 σουλιάρδος.
387 2814 424 2882 οὔ
435 2813 526 2902 χάριν
538 2813 648 2901 δώρων
660 2813 733 2880 ἀλλ’
755 2811 831 2899 ὑπὲρ
849 2816 1010 2900 πατρίδος.
1052 2817 1164 2885 Bekk.

90 2938 172 3003 tom.
193 2934 211 3002 l
232 2958 266 3024 p.
286 2938 340 3009 85.
382 2936 499 3021 llunc,
532 2942 650 3024 utpote
670 2933 956 3021 recentissimum,
984 2933 1164 3003 Behherus

91 3057 136 3121 cd
154 3056 297 3142 primam
320 3063 447 3122 tantum
468 3055 653 3121 orationem
666 3054 813 3121 contulit.
857 3052 998 3130 Quintus
1020 3053 1061 3130 Q.
1082 3038 1164 3122 item

64 3174 334 3241 *Ambrosianus
364 3174 422 3260 (Β.
443 3172 513 3260 49.)
540 3172 631 3240 lsaei
653 3173 745 3240 solas
766 3172 869 3239 hahet
889 3173 1032 3259 primam
1054 3182 1090 3241 et
1110 3197 1165 3241 se·

92 3295 253 3379 caudam,
293 3288 433 3360 aliorum
466 3293 590 3378 multa,
628 3301 760 3379 patrum
790 3292 1001 3379 fragmenta,
1036 3290 1164 3375 Lysiae
1227 3294 1233 3305 '

89 3409 271 3497 ἐπιτάφιον,
308 3409 458 3498 Gorgiae
494 3412 679 3497 Holenam,
713 3411 871 3479 Aristidis
910 3420 945 3479 ot
971 3411 1164 3489 Polemonis

90 3530 354 3599 declamationes
381 3531 522 3620 aliquot,
558 3530 741 3599 Andocidis
769 3532 811 3596 de
832 3552 919 3616 pace
947 3538 982 3596 et
1003 3531 1165 3595 adversus
1203 3562 1211 3569 ··

91 3648 306 3716 Alcibiadem
324 3651 504 3718 orationes
548 3649 659 3717 Bekk.
680 3657 759 3718 tom.
781 3648 832 3715 lll
853 3672 886 3735 p.
907 3651 939 3714 3.
983 3647 1166 3714 HunoMa-

90 3771 144 3834 ius
160 3770 299 3836 saeculo
317 3769 578 3857 decimoquarto
596 3777 770 3837 exaratum
785 3790 863 3836 esse
886 3775 1038 3834 autumat
1058 3767 1166 3854 praef.

92 3889 138 3952 ad
164 3887 256 3954 lsaoi
283 3908 331 3955 or.
360 3891 402 3955 de
432 3887 548 3956 cleon.
577 3889 648 3956 her.
678 3911 711 3977 p.
733 3890 766 3954 9.
809 3887 933 3953 Sextus
962 3887 1103 3976 denique
1124 3887 1165 3955 Z.

91 4005 385 4105 Vratislavieusis‚
417 4008 584 4094 gymnasii
604 4006 862 4094 lllagdalenaei‚
890 4006 1091 4074 chartaceus
1114 4012 1168 4072 est
1209 4003 1213 4011 ’

91 4132 129 4192 et
150 4134 229 4212 post
249 4135 402 4193 oratores
423 4125 526 4194 etiam
542 4116 842 4215 Harpocrationom
864 4124 977 4194 hahet.
1019 4122 1167 4194 Saeculo
1250 4122 1253 4129 ’
1293 4206 1304 4214 -
