2632 4800
332 288 404 363 ,nn
426 287 612 363 otuouts
633 291 953 367 manumve.
1128 298 1195 375 ata
1259 398 1261 403 Ι

106 456 254 529 Lucian.
287 459 381 530 Tim.
413 460 515 533 Tem.
538 461 568 533 l.
595 486 630 553 p.
653 465 731 535 33⁰.
758 462 875 550 Bergl.
906 479 939 532 et
960 464 1129 554 Wagner.
1151 466 1193 533 ad
1288 532 1294 557 Ι,

109 559 269 651 Alcipltr·
290 562 309 630 l
331 585 383 650 ep.
406 564 461 631 13.
482 563 594 636 Roen.
615 565 657 629 ad
670 564 811 650 Gregor.
835 564 987 635 Corinth.
1016 593 1051 658 p.
1074 567 1149 635 144.
1175 618 1195 625 .-

200 656 314 759 §.531.
346 670 530 748 συνοικῆσαιΙ
546 666 603 748 μέν
625 664 664 729 ἂν
692 672 731 753 τῇ
752 667 873 752 γννανκὶ
903 666 1009 754 κύριος
1037 661 1086 753 ἦν.
1137 670 1193 739 Ex

109 763 207 851 lege,
237 784 322 852 quae
350 766 498 854 virgines
530 764 710 854 ἐπικλήρους
738 792 756 834 a
787 769 953 859 proximis
981 771 1129 858 cognatio
1155 772 1194 839 in
1223 762 1225 767 ¹

112 865 366 946 matrimonium
387 869 464 935 duci
485 868 632 960 jubebat.
674 870 785 957 Atque
807 871 889 936 haec
912 870 1046 958 quidem
1066 872 1195 942 nemini
1299 884 1302 893 “

112 966 229 1054 ignota
241 992 251 1050 3
280 968 320 1035 de
342 971 445 1035 altera
467 986 576 1037 autem
597 973 690 1058 lege,
714 996 758 1039 ex
773 995 843 1058 qua
865 972 1084 1060 epiclerorum
1106 974 1202 1055 bona,

113 1091 134 1136 a
162 1068 263 1152 filiis,
298 1069 496 1159 simulatque
528 1074 761 1159 adoleverant,
800 1073 901 1140 ctiam
921 1073 1011 1143 vivia
1043 1075 1193 1164 utrisque

90 1171 306 1261 ,parentibus
318 1172 531 1262 capiebantur
550 1175 638 1242 coni.
655 1198 705 1243 or.
723 1176 763 1243 de
774 1175 964 1244 Aristarch.
986 1177 1059 1244 lter.
1083 1175 1121 1264 ᾖ.
1137 1180 1191 1253 12.
1232 1243 1235 1254 ,
1297 1242 1300 1249 .

112 1272 292 1344 Demosth.
307 1274 343 1339 in
358 1275 515 1362 Stephan.
530 1276 565 1343 ll
581 1302 613 1366 p.
630 1276 726 1360 1135,
746 1279 781 1343 3.
800 1315 844 1327 -
858 1276 1006 1361 Ἣβησαν
1024 1298 1084 1344 cur
1100 1303 1193 1368 sper·
1228 1270 1234 1283 ¹

114 1391 252 1440 neretur
272 1399 352 1464 prae
366 1373 531 1464 Scaligeri
546 1393 578 1443 et
594 1377 728 1444 Reiskii
746 1378 953 1468 conjectura,
981 1382 1076 1446 nulla
1095 1382 1193 1449 causa

112 1475 190 1543 fuit.
233 1477 382 1568 Apparet
409 1479 499 1544 enim
527 1478 628 1545 totius
654 1479 896 1546 enunciationis
925 1481 1089 1549 rationem
1121 1505 1192 1550 etse

112 1577 290 1667 ejusmodi,
312 1595 348 1646 ut
360 1581 423 1646 hoc
440 1603 566 1666 quoque
578 1581 765 1648 membrum
784 1579 850 1644 ἀλλ’
866 1581 897 1647 οἱ
919 1579 1072 1666 γενόμενοι
1085 1586 1193 1660 παῖδες
1265 1646 1267 1652 ,

112 1678 222 1749 instar
234 1682 396 1770 protasioe
418 1682 461 1748 sit
482 1682 736 1773 hpypotheticaet
764 1680 838 1751 ἀλλ’
862 1681 892 1748 οἱ
912 1687 1038 1764 παῖδες,
1067 1683 1098 1749 εἷ’
1114 1710 1193 1761 τινες
1262 1714 1264 1719 ·

113 1779 270 1866 ἐγένοντο,
292 1785 345 1851 cui
358 1799 445 1850 recte
463 1785 655 1875 adjungitur
676 1781 766 1850 ὁπότε
787 1783 929 1870 ἥβησαν,
952 1800 984 1852 et
1004 1786 1192 1853 subintelli-

113 1884 225 1971 genda
254 1885 459 1974 epriocibue
487 1887 639 1976 apodoais
660 1876 745 1952 οὗτοι
767 1884 805 1950 ἂν
830 1879 912 1970 ἦσαν
934 1884 1066 1972 κύριοι.
1094 1887 1193 1956 Gete-

67 1988 70 1993 ’
112 2008 192 2053 rum
205 1985 361 2053 Kiihniue
384 2012 512 2075 quoque
534 2013 586 2078 ep.
604 1988 735 2057 Polluc.
758 1988 786 2068 l,
807 1989 852 2056 57
871 1976 995 2072 ἥβηναν·
1014 2013 1050 2071 v.
1072 1985 1191 2083 ἧβῶνιν

111 2087 340 2175 reponendum
357 2091 495 2159 censuit.
537 2090 624 2158 Nam
642 2091 728 2179 quod
750 2089 799 2157 ihi
816 2090 975 2179 scriptum
991 2106 1039 2158 est
1050 2090 1190 2176 ἥβωσαν,

111 2190 306 2280 typothetae
322 2189 551 2278 imputandum
566 2193 711 2260 videtur.
726 2230 770 2244 ·-
786 2188 888 2272 Ἡβᾶν
904 2193 952 2256 ἐπὶ
967 2194 1078 2273 δίετες,
1102 2208 1191 2261 octo-
1277 2192 1280 2197 ⁴

112 2291 218 2357 decim
230 2282 331 2356 conoe
343 2307 453 2358 notum
467 2319 549 2379 ease,
579 2293 761 2384 explicavit
772 2293 964 2362 Boeckhiuo
984 2294 1022 2361 in
1033 2286 1202 2367 Prooem.¹>

113 2387 268 2480 daulog.
290 2393 395 2461 Lectt.
412 2395 565 2465 Berolin.
588 2419 620 2465 a.
643 2395 739 2464 1819.

116 2532 119 2537 ·
202 2500 236 2575 1.
256 2498 311 2564 32.
334 2496 367 2560 ἐκ
388 2503 445 2562 τοῦ
465 2499 532 2584 περὶ
553 2500 609 2580 τῆς
628 2492 792 2571 κακώσεως
811 2493 922 2580 νόμον.
967 2493 1122 2564 Similem
1136 2522 1191 2565 ar·

112 2599 399 2684 gumentationem
431 2623 475 2664 cx
504 2601 619 2665 eadem
650 2600 725 2686 lege
752 2598 968 2686 cognovimus
999 2598 1037 2663 in
1069 2622 1120 2666 or.
1150 2600 1199 2667 de'

114 2695 294 2789 cleonym.
318 2701 398 2766 ber.
427 2701 464 2787 ᾧ.
487 2702 531 2767 39
557 2699 617 2766 ubi
636 2699 707 2770 vid.
729 2714 809 2767 not.
831 2698 955 2764 Γονέων
976 2714 1087 2765 autem
1108 2700 1191 2768 deh-

113 2799 297 2885 nitioncm,
331 2817 368 2867 ut
397 2801 533 2891 proprie
563 2817 664 2892 pater.
687 2815 815 2867 tantum
846 2814 878 2867 et
898 2815 1023 2881 mater,
1055 2822 1137 2868 avua
1159 2817 1191 2870 et
1253 2786 1257 2796 ¹

114 2900 212 2985 avia,
241 2927 384 2992 proavus
406 2918 439 2970 et
459 2904 599 2990 proavia
620 2902 832 2969 hocnominc
854 2903 1189 2992 comprehendantur,

113 3004 312 3073 remotiores
340 3019 449 3071 autem
476 3029 544 3071 non
573 3004 643 3098 jam
671 3013 767 3089 γονεῖς
794 3002 862 3071 sint
888 3003 945 3068 sed
966 2999 1129 3088 πρόγονοι,
1160 3004 1191 3071 si

113 3128 185 3173 non
208 3130 251 3171 ex
272 3106 353 3196 ipsis
373 3107 522 3194 legibus,
559 3104 670 3173 tamen
692 3130 736 3172 ex
757 3099 926 3171 communi
948 3131 1011 3172 usu
1031 3100 1201 3192 loquendi

114 3207 253 3298 petitam
273 3233 343 3276 esse
369 3210 469 3275 facile
498 3208 596 3275 credo
618 3233 694 3275 cum
714 3208 885 3275 Bunsenio
906 3232 941 3297 p.
963 3209 1001 3289 83
1032 3207 1117 3272 illud
1140 3198 1190 3274 tat-¹

114 3333 195 3378 men
224 3312 366 3400 probare
398 3328 467 3376 non
494 3334 650 3400 possum,
679 3310 764 3396 quod
787 3309 877 3375 idem
903 3309 958 3377 vir
980 3308 1190 3389 doctissimus
1301 3333 1304 3339 ·

115 3413 219 3480 etiam
239 3412 291 3503 jue
314 3411 490 3500 capiendae
510 3411 703 3477 hereditatis
725 3410 769 3477 iis
791 3426 918 3477 tantum
941 3409 1102 3496 cognatio,
1133 3410 1191 3497 qui

114 3538 221 3602 unum
244 3539 288 3580 ex
308 3514 361 3581 his
382 3518 501 3598 γονεῦσι
522 3536 597 3579 cum
613 3514 766 3579 defuncto
787 3522 995 3579 communem
1016 3512 1189 3597 haberent,

115 3616 327 3704 competiisse
358 3614 483 3683 statuit.
537 3614 617 3681 Vid.
640 3637 723 3700 qnae
745 3630 858 3680 contra
886 3616 972 3678 hanc
993 3612 1190 3680 sententiam

116 3718 284 3785 subtiliter
306 3717 566 3803 disputata-suut
587 3740 606 3781 a
629 3714 753 3783 Gentio
773 3714 792 3780 I
812 3740 846 3804 p.
868 3713 933 3782 349
953 3738 1024 3802 sqq.

111 3808 116 3821 ⁸
204 3819 240 3905 ᾧ.
256 3821 310 3884 33.
333 3818 411 3903 πρὸς
431 3818 486 3883 ἕνα
508 3819 542 3883 δὲ
562 3817 618 3883 τὸν
632 3822 755 3902 πρῶτον
776 3822 838 3882 τῶν
859 3821 1010 3900 συγγενῶν
1030 3811 1187 3902 προσάξω.

115 3919 270 3988 Primum
299 3935 476 4006 cognatum
503 3944 579 3986 eum
607 3919 695 4002 dici,
727 3918 784 4004 qui
805 3916 979 4004 proximae
1001 3929 1067 4000 est,
1098 3916 1134 3984 h.
1157 3941 1187 3985 a.

115 4022 274 4105 fratrem,
307 4044 363 4087 ree
390 4021 462 4111 ipsa
483 4021 564 4088 satis
586 4020 697 4101 docet3
733 4034 766 4084 et
785 4019 937 4085 videmus
958 4016 1059 4085 etiam
1079 4015 1117 4082 in
1137 4041 1190 4084 se·

116 4122 293 4210 quentibus
323 4121 413 4190 filiae
444 4136 477 4188 et
514 4120 641 4211 nepotis
670 4118 950 4209 propinquitatem
980 4142 1056 4184 cum
1085 4119 1189 4186 fratre

118 4223 316 4313 comparari.
381 4223 494 4312 Neque
521 4224 586 4292 hoc
611 4220 789 4290 Reiekium
815 4220 920 4310 lugit3
955 4219 1012 4289 ted
1043 4221 1130 4307 quod
1157 4219 1188 4288 ia
