2632 4800
481 68 489 103 l

69 354 72 359 .
196 290 262 363 nn
281 288 667 363 nunocrnuours
688 294 1011 370 usssnmsrs.
1074 296 1142 368 ssu
1203 391 1206 395 ³

52 465 154 550 χίδηι
175 462 262 552 apud
275 463 416 554 Lysiam
436 485 498 549 pro
515 458 698 547 Νικόμαχον
718 463 910 534 defenderet
929 466 1140 555 ingeniosum

57 566 174 658 potius
196 588 294 654 qnam
313 587 429 631 veram
451 565 614 632 rationem
641 580 863 632 commentum
884 590 957 634 esse
978 569 1139 641 dixerim.

62 668 133 738 Sed
155 668 237 734 liaeo
263 689 359 732 suam
385 665 452 732 sibi
478 666 650 755 propriam
672 682 921 754 accuratamqne
943 668 1141 759 disputatio·

61 793 144 836 uem
170 769 359 856 postulant,
396 790 495 855 quam
522 780 610 834 nuno
632 767 765 855 quidem
787 768 954 854 suscipere
975 795 1038 837 neo
1060 795 1141 859 pos·

61 879 140 940 stim
156 894 261 957 neque
275 893 355 959 opus
369 892 438 936 esse
450 869 606 936 arbitror.
650 869 789 949 Interim
807 868 1013 938 committere
1031 872 1139 962 nolui,

61 986 102 1039 ut
122 971 288 1038 librorum
310 972 489 1048 lectionem
510 970 663 1061 cupidius
683 985 828 1036 mutasse
848 969 995 1040 viderer.

151 1072 189 1160 ξ.
202 1071 257 1139 48.
281 1070 381 1148 ούτως
400 1069 514 1157 ὑβρίζει
534 1070 659 1158 σφόδρα
674 1066 862 1137 πιστεύουσα
877 1068 1009 1149 τούτοις.
1051 1073 1141 1142 Am·

60 1172 137 1263 liigi
154 1189 262 1262 potest
283 1171 407 1260 σφόδρα
427 1188 542 1239 utrum
557 1173 599 1238 ad
618 1173 713 1260 prius
734 1187 791 1251 out
812 1172 853 1239 ad
875 1173 1039 1262 posterius
1058 1198 1139 1243 ver-

62 1276 147 1344 bum
167 1275 256 1342 trahi
271 1277 405 1357 debeut3
437 1275 523 1340 illud
547 1275 699 1362 equidem
719 1274 833 1342 verius
853 1273 982 1363 judico,
1016 1292 1048 1343 et
1068 1298 1140 1343 non

61 1400 145 1446 raro
165 1376 212 1444 ito
240 1375 339 1452 οὕτως
368 1378 487 1459 abeo,
526 1399 591 1463 quo
612 1376 775 1464 pertinet,
806 1377 969 1443 vocabulo
991 1377 1141 1469 disjungi

63 1504 168 1569 quum
198 1478 258 1545 ulii
287 1479 410 1568 passim
439 1491 658 1565 monuerunt,
695 1492 769 1545 tum
788 1474 988 1547 Sohaelerus
1008 1479 1138 1570 Appar·

62 1582 108 1650 ud
128 1580 306 1648 Demosth.
328 1578 365 1648 ll
385 1605 419 1669 p.
442 1577 519 1646 234.

151 1682 189 1772 ᾗ.
204 1682 260 1751 49.
283 1682 373 1747 τουτὶ
393 1679 432 1746 τὰ
448 1679 620 1767 γράμματα
632 1717 688 1751 ·-.
709 1683 916 1773 Designatur
930 1679 1020 1749 houd
1036 1681 1139 1749 dubie
1198 1680 1201 1684 ¹
1223 1728 1226 1734 -

61 1786 124 1854 lex
145 1785 186 1850 de
207 1784 554 1873 Thesmophoriorum
581 1785 803 1871 solemnibus,
838 1785 962 1873 quibus
979 1783 1140 1850 interesse

61 1909 135 1954 non
155 1886 251 1952 licuit
271 1885 339 1952 nisi
358 1885 513 1974 ingenuis
535 1902 632 1974 atque
647 1888 797 1983 honestis
815 1885 1024 1954 mulieribus.
1068 1885 1138 1967 (il,

60 2001 103 2055 ut
129 1986 213 2055 alios
241 1988 391 2071 mittam,
430 1988 475 2052 du
496 1987 600 2055 Theil
622 1990 662 2056 de
685 1988 965 2076 Thesmophoriis
991 1987 1029 2054 in
1048 1984 1140 2054 Din-

61 2090 154 2157 dorl.
176 2113 298 2157 comm.
329 2090 369 2155 ad
391 2090 566 2178 Aristoph.
589 2088 641 2158 Vl
662 2117 698 2182 p.
719 2093 796 2159 529.
817 2129 861 2143 --
880 2088 968 2173 ὑμεῖς
988 2089 1140 2176 ἐνομοθε-

60 2188 191 2278 τήσατε.
234 2192 315 2260 vid.
338 2193 378 2258 ad
401 2215 452 2260 or.
476 2194 516 2259 de
536 2185 681 2265 Nicostr.¹
702 2195 775 2260 her.
799 2194 836 2282 ᾖ.
860 2195 912 2259 17.
984 2204 987 2209 “

151 2294 204 2358 καὶ
233 2293 311 2379 πρὸς
331 2299 433 2360 ταῦτα
454 2296 507 2357 καὶ
533 2294 613 2380 πρὸς
633 2294 707 2370 τούς
727 2293 839 2370 ἄλλους
859 2292 956 2369 θεούς
974 2330 1029 2360 -.
1061 2290 1140 2358 Nou
1175 2290 1178 2294 ’

60 2409 190 2463 temere
211 2396 370 2465 Reislsius
399 2400 501 2461 ταῦτα
526 2394 563 2461 in
591 2393 711 2471 τούτοις
732 2413 788 2464 aut
809 2394 910 2463 τούτο
931 2393 1055 2461 mutari
1075 2416 1139 2460 vo·
1229 2472 1232 2477 Ι

60 2497 146 2581 lnit3
181 2522 380 2586 quamquam
400 2494 500 2562 τούτο
523 2498 655 2565 dualem
676 2500 789 2585 paullo
811 2495 1064 2563 insolentiorem
1083 2494 1139 2561 ri·

62 2597 140 2665 deri
159 2599 229 2690 ipse
250 2603 441 2690 profitetur,
474 2597 566 2686 cujus
588 2599 743 2686 equidem
762 2600 896 2665 nullom
915 2619 1055 2684 usquam
1076 2619 1139 2661 ex·

62 2702 213 2790 emplum
241 2725 294 2767 me
324 2700 477 2769 invenire
498 2699 660 2784 memini,
690 2724 760 2766 non
781 2699 887 2786 magis
909 2720 1007 2784 quam
1030 2695 1139 2763 dualia

63 2801 201 2869 articuli
221 2803 281 2882 τὰ,
321 2803 360 2869 de
382 2827 446 2890 qno
473 2826 589 2870 veram
618 2801 763 2868 arbitror
782 2797 985 2867 Bernhardii
1006 2811 1139 2863 senten·

65 2903 151 2970 tiam
180 2901 373 3005 Syntax.p
377 2904 473 2973 ,499
498 2918 567 2970 not.
597 2903 651 2970 79.
694 2903 810 2990 ltaque
838 2916 893 2967 aut
914 2895 1033 2974 τούτοις
1052 2897 1139 2965 sori·

64 3006 232 3090 bendum,
259 3022 296 3072 ut
317 3007 533 3093 designentur
554 3003 663 3072 Ceres
676 3028 715 3070 ao
736 3002 959 3090 Proserpina,
991 3014 1049 3067 aut
1069 3014 1138 3066 sts·

64 3109 247 3192 tuendum,
274 3109 385 3174 minus
405 3107 710 3175 concinnslsseum
731 3129 825 3174 secra
847 3106 984 3172 deorum
1006 3116 1039 3170 et
1059 3100 1137 3169 deos

63 3210 158 3298 ipsos
178 3209 266 3275 inter
286 3235 321 3276 se
343 3210 579 3297 composuisse.

154 3308 252 3386 ούτως
278 3308 507 3397 ὁμολογουμένη
535 3302 614 3377 oouot
643 3307 751 3394 δούλη.
810 3306 863 3374 De
894 3304 1139 3373 construetione

64 3411 139 3482 vid.
171 3413 212 3479 ad
241 3413 279 3501 ὁ.
301 3416 356 3480 56.
405 3411 514 3496 Λούλη
542 3428 650 3479 autem
680 3436 756 3479 oum
783 3422 971 3498 contemptu
1002 3404 1138 3486 dicitnr,
1245 3472 1249 3479 ,

66 3537 172 3602 quum
193 3529 303 3581 tumen
325 3516 480 3581 libertina
502 3513 562 3599 sit,
597 3514 712 3580 sedin
734 3512 894 3580 servitute
915 3523 1008 3591 nuta,
1041 3521 1073 3572 et
1093 3506 1139 3573 li-

66 3615 194 3683 bertate
215 3616 364 3703 indigno.
416 3617 542 3685 Eodem
560 3615 630 3682 lere
653 3615 753 3681 modo
775 3612 860 3701 apud
882 3608 1022 3700 Lysiam
1043 3607 1139 3693 Ago·

65 3732 163 3785 retus·
189 3741 224 3805 p.
246 3717 312 3784 487
334 3721 444 3794 δοῦλος
464 3719 516 3783 καὶ
543 3720 577 3783 ἐκ
598 3714 720 3782 δούλων
741 3713 881 3795 dicitur,
914 3709 1060 3796 quinon
1083 3732 1139 3775 so·

64 3820 140 3885 lum
160 3819 269 3903 liber,
297 3821 353 3886 sed
377 3820 461 3886 civis
483 3835 572 3903 erat,
598 3819 677 3884 licet
697 3814 840 3907 injuria,
872 3823 910 3875 nt
930 3825 1044 3876 orator
1062 3809 1140 3897 qai·

66 3920 145 3986 dem
165 3920 275 3988 videri
301 3923 387 3989 vult.
432 3919 587 3988 Ceterum
615 3943 635 3984 o
656 3914 828 3983 nonnullis
850 3907 970 3977 δούλιον
991 3911 1140 4000 appella·

65 4020 158 4089 tione
173 4022 271 4088 etium
290 4022 465 4090 libertinos
481 4021 736 4108 comprehensos
746 4038 816 4083 esse
833 4013 928 4085 docet
945 4012 1139 4088 Athenaeus

67 4122 131 4209 Vl,
152 4125 249 4212 931».
272 4122 400 4190 2678.

155 4225 193 4313 ξ.
214 4226 269 4295 59.
292 4222 415 4290 ἰδεῖν
394 4250 416 4289 α
436 4222 493 4291 ούκ
519 4221 590 4301 ἐξὸν
617 4217 710 4307 ουτῇ.
753 4216 799 4288 Η.
821 4238 853 4284 o.
886 4210 943 4284 ούιι
964 4213 1051 4299 ἐξῆν,
1080 4211 1138 4283 οὔτ
