2632 4800
105 229 175 303 sot
369 149 945 321 v·11tottttr1ott1stt3:..'2
1041 236 1044 240 ⁴

110 417 183 466 esse
201 415 429 463 revermrum.
444 428 488 450 -ι
507 388 617 459 Porro
636 386 849 457 inimicitiam
864 387 954 457 iuter
966 388 1194 487 Astyphilnm

113 509 147 565 et
161 492 321 562 Gleonom
340 492 566 562 intercessisse
584 506 783 582 paternam,
814 512 952 579 eamque
972 506 1007 559 ot
1026 489 1195 579 mvissi·

113 618 206 666 mam
226 609 259 662 et
277 593 506 688 justissimam.
547 593 634 662 Nam
648 592 903 684 Euthycratem,
930 590 1111 684 Astyphili
1132 613 1197 681 pa·

114 711 221 783 mem,
242 693 409 766 aGlconis
425 710 519 785 patro
532 691 734 784 Thudippo,
763 716 866 781 quum
888 692 1086 761 rixarentur
1103 691 1196 761 iuter

33 812 35 817 '
116 821 153 865 se
172 797 214 865 do
233 793 455 888 patrimonio,
485 795 533 862 ita
555 816 627 862 esse
647 795 867 876 mulctatum,
896 810 936 862 ut
955 819 976 862 e
993 792 1194 867 volneribus

116 913 321 967 moreretura
342 919 483 987 eumque
495 895 695 963 morientem
714 895 832 985 liberis
852 895 922 965 suis
941 895 1130 981 mandasse,
1150 918 1195 964 uo

117 1023 264 1089 unquam
274 1021 475 1086 quemquam
488 1021 534 1066 cx
547 995 724 1087 Thudippi
738 997 870 1065 familia
884 1021 927 1065 uo
938 998 981 1065 ad
1002 998 1195 1087 sepulcrum

118 1101 252 1191 quidem
283 1124 381 1167 suum
412 1100 566 1166 accedere
592 1112 804 1189 peterenturt
838 1098 1062 1193 Astyplailum
1081 1113 1196 1167 autem

118 1201 250 1296 paterni
270 1200 420 1268 mandati
440 1201 527 1287 adeo
552 1203 784 1269 observantem
804 1198 926 1288 fuisse,
952 1215 1007 1287 ut,
1037 1200 1122 1267 dum
1140 1199 1197 1269 vi·

20 1324 24 1331 ·
118 1319 225 1390 voret,
246 1326 416 1391 uunquam
431 1326 474 1370 uc
485 1301 843 1391 colloquutusquidem
859 1301 904 1371 ait
915 1326 993 1369 cum
1006 1298 1196 1372 Gleonc·-··
1214 1315 1217 1319 ’

118 1404 274 1493 Denique
294 1405 501 1494 suppositum
521 1427 592 1472 esse
611 1418 845 1472 testamentum
865 1404 966 1473 etism
992 1403 1073 1471 iude
1095 1424 1196 1493 appe·

120 1530 214 1592 rere,
236 1501 323 1593 quod
343 1506 537 1592 Hierocles,
557 1504 733 1598 Astyphili
754 1521 788 1573 et
806 1506 949 1596 proinde
969 1504 1091 1573 actoris
1113 1526 1195 1592 quo·

120 1631 185 1698 que
203 1609 406 1692 avunculus,
434 1608 520 1696 opud
541 1631 639 1694 quem
658 1607 744 1675 illud
765 1606 952 1699 depositum
972 1631 1043 1675 esse
1064 1607 1196 1673 diceba·

121 1727 195 1796 tur,
226 1710 267 1776 sd
296 1710 419 1777 multos
446 1707 546 1776 etiam
574 1709 659 1776 alios
680 1709 823 1789 adierit„
853 1732 935 1798 quos
955 1709 1135 1794 instigaret
1155 1707 1196 1778 ad

120 1812 297 1902 petendam
315 1809 750 1902 Astyphiliheroditetom,
780 1834 898 1899 seque,
919 1810 963 1879 .ιί
982 1824 1114 1901 partem
1133 1805 1202 1876 sihi

122 1915 289 1981 honorum
308 1912 542 1996 concederent,
578 1926 813 1980 testamentum
826 1913 1042 2004 prolaturum
1069 1908 1197 1999 promi·

122 2014 224 2099 serit,
251 2036 316 2101 quo
328 2013 382 2081 illi
396 2014 534 2080 heredes
550 2012 668 2104 scripti
684 2015 812 2082 essent't
842 2036 942 2102 quem
954 2012 1198 2099 condicionem,

112 2117 167 2185 ,ah
187 2114 265 2185 eliis
285 2113 510 2203 repudiatam,
539 2111 699 2184 Gleonem
711 2113 839 2205 ‚cupide
858 2114 1034 2205 accepisse.

208 2215 374 2286 Absoluta
400 2216 464 2282 hac
489 2214 695 2304 probationis
714 2231 818 2307 parto*
837 2213 907 2309 jem
927 2216 1123 2304 aggreditur
1143 2216 1200 2282 ds·

123 2332 332 2402 monstrare,
360 2319 705 2408 praeterquamquod
726 2317 902 2409 proximus
931 2317 1003 2410 ipsc
1022 2314 1200 2410 Astyphili
1231 2354 1234 2361 ·

125 2432 285 2510 cognatus
305 2416 369 2504 sit,
396 2417 479 2485 elias
494 2408 603 2501 ,etiam
622 2443 743 2508 easque
763 2419 961 2511 justissimas
980 2443 1097 2487 causas
1118 2442 1199 2509 esse,

11 2526 14 2533 “
126 2522 341 2610 quamobrem
371 2519 437 2590 sibi
465 2520 575 2610 potius
602 2544 703 2609 quom
728 2522 929 2590 adversariis
956 2520 1125 2588 hereditas
1145 2520 1202 2588 ds·

20 2705 24 2709 ,
125 2614 255 2693 beator.
304 2621 393 2692 Nam
420 2638 556 2714 epatre
582 2646 644 2690 suo
665 2624 900 2712 Theophrasto
921 2621 1144 2717 Astyphilum
1171 2634 1203 2690 et

125 2726 305 2818 parvulum
327 2722 442 2792 multis
463 2723 660 2812 magnisque
680 2724 848 2793 beneficiis
870 2726 1026 2792 affectum
1048 2748 1140 2810 esse,
1171 2737 1202 2809 et

105 2840 300 2920 ¹postquam
321 2825 505 2893 adoleverit
524 2841 639 2893 mutua
660 2848 790 2917 semper
804 2827 919 2914 ‚gratie
937 2826 1042 2893 fuisse
1063 2826 1203 2916 coujun-

91 2985 93 2989 .
128 2928 313 3011 ctissimos,
343 2929 559 3015 quemobrem
576 2927 732 2994 dubitari
760 2951 829 2996 uon
848 2952 977 3018 posse,
995 2927 1203 3022 quinAsty·

127 3029 241 3119 philus
268 3027 335 3096 sihi
353 3028 464 3118 potins
486 3053 586 3115 quam
607 3028 680 3097 istis
699 3030 847 3098 inimicis
868 3031 938 3098 suis
959 3031 1048 3097 hona
1069 3053 1131 3097 sue
1151 3053 1203 3096 re·

128 3129 238 3217 linqui
266 3130 425 3199 voluerit.
473 3130 538 3197 His
564 3130 670 3218 igitur
691 3131 731 3199 de
753 3133 861 3198 censis
883 3155 1025 3219 aequum
1047 3155 1142 3217 esse,
1168 3143 1203 3197 nt

128 3229 256 3322 judices
286 3254 415 3318 quoquc
445 3231 511 3300 sihi
530 3233 642 3324 potius
663 3257 764 3322 quam
786 3231 923 3301 Gleouit
943 3233 1015 3301 filio
1036 3233 1203 3302 heredita·

130 3348 199 3399 tem
219 3332 418 3427 adjudicent.
994 3404 997 3408 „
1224 3413 1234 3428 „

215 3434 301 3506 Acts
328 3448 377 3501 est
404 3433 709 3503 hacccaosaoirc.
733 3433 1203 3530 olymp.xcvl1,.oe.c.

130 3535 196 3602 390
211 3550 268 3601 aut
287 3536 376 3602 certe
392 3559 461 3601 nou
474 3537 581 3603 multo
596 3553 669 3626 post
685 3553 844 3627 tempore.
888 3537 986 3606 Obiit
997 3537 1088 3605 enim
1103 3538 1204 3630 Asty·

131 3637 244 3727 philus
265 3636 301 3702 in
324 3636 535 3726 expeditione
545 3638 779 3730 Mytilenensi,
802 3639 967 3727 quasillo
989 3663 1077 3706 enno
1099 3663 1205 3708 susce·

132 3750 189 3828 pta
209 3751 258 3822 est
272 3737 490 3829 Thrasybulo
513 3739 608 3807 duce.
650 3739 731 3808 vit.
753 3739 912 3831 Xenoph.
934 3740 1070 3810 Hellen.
1094 3741 1159 3826 lv,
1173 3741 1204 3823 8,

131 3837 187 3905 28.
230 3838 353 3908 Plehn.
374 3838 528 3909 Lesbiae.
548 3861 626 3932 pag.
643 3840 699 3911 75.
723 3839 873 3911 Glinton.
898 3839 989 3912 Fast.
1015 3841 1111 3911 Hell.
1133 3866 1205 3933 pag.

134 3935 209 4005 106.
231 3975 275 4008 —‚-
296 3938 392 4026 Quae
413 3958 523 4010 eutem
542 3935 713 4033 praetereo
740 3943 778 4031 ὁ.
802 3943 845 4012 tl
865 3946 907 4012 ab
928 3958 1061 4012 oratore
1082 3966 1207 4011 memo·

135 4055 251 4104 rantur
279 4039 527 4129 expeditiones,
555 4044 676 4132 quihus
696 4044 898 4136 Astyphilus
924 4043 1136 4132 interfuerit,
1168 4065 1207 4112 ex

135 4138 190 4205 his
204 4140 407 4208 Thebanum
429 4144 555 4213 bellum
574 4144 660 4217 illud
681 4146 898 4249 dicteramo,
920 4148 1016 4235 quod
1032 4152 1208 4265 conflatum
