2632 4800
206 282 271 352 on
290 282 679 357 ennocrnnonrs
700 277 1024 363 Honnmmrn.
1079 262 1209 376 αα]
1262 226 1266 231 ’

72 466 190 523 onum
209 452 258 521 ib.
279 468 351 523 not.
382 455 424 521 17
444 455 703 546 Harpocrationi
724 459 921 546 obloquutns
943 484 1038 544 sum,
1065 458 1153 525 ἅντι-

71 553 202 641 ρνραφὴν
228 555 338 627 ,etiem
369 556 409 622 de
443 557 641 627 accusatoris
673 559 789 626 libello
819 561 975 651 susurpari
1006 561 1151 644 docenti,

72 657 204 725 nollem
224 655 362 726 lactum.
406 657 546 744 Legitur
558 659 650 725 enim
665 660 728 727 hoe
745 684 845 728 sensu
865 661 1040 749 ἀναγραφὴ
1062 661 1151 752 opud

37 834 40 840 ,
71 757 252 829 Platonem
272 758 312 825 in
333 759 479 847 Apolog.
503 772 575 848 cap.
599 759 653 827 15.

132 920 135 925 ,
160 859 245 926 ταῦτ’
269 859 347 927 αὐτὸ
370 861 461 946 ἐχρῆν
483 856 703 947 διαμαρτυρεῖν
724 900 779 929 -.
799 863 875 931 Non
896 857 1008 930 solum
1028 864 1093 930 hoc
1113 863 1152 929 in
1193 948 1196 953 1

72 962 288 1049 διαμαρτυρίᾳ
309 963 500 1053 ponendum
520 950 616 1048 erat,'
634 963 824 1033 intestatum
847 966 969 1033 obiisse
981 964 1152 1037 Philocte-

72 1087 231 1143 monem,
264 1066 321 1130 sed
342 1065 428 1131 illud
451 1089 600 1151 qnoque,
635 1065 721 1151 quod
744 1090 833 1131 nunc
854 1067 987 1154 quidem
1011 1079 1151 1139 ,conten-

58 1164 160 1231 dunt
180 1165 381 1249 adversarii,
410 1167 467 1232 sed
489 1167 525 1231 in
546 1167 623 1256 ipsa,
641 1169 940 1256 ὃιυμαρτυρίρυου
956 1180 1150 1256 posuerunt,

72 1288 119 1331 ne
137 1264 283 1335 ,licuisse
315 1267 463 1354 quidem.
480 1267 726 1335 Philoctemoni
757 1284 997 1335 testamentum
1028 1270 1150 1340 lacere.
1223 1352 1226 1357 Ι

74 1364 166 1451 Quid
190 1368 350 1458 scriptum
370 1369 474 1434 fuerit
493 1369 531 1433 in
552 1369 763 1457 διαμαρτυρίρ
782 1369 879 1439 docet
899 1370 937 1458 ᾖ.
960 1372 1015 1439 62.
1224 1360 1229 1369 ’

160 1470 188 1533 εἰ
214 1467 254 1537 ‚d'
285 1468 382 1546 ἔξεστι
402 1506 457 1536 --.
481 1469 719 1557 Expectoveris
745 1469 855 1558 potine
877 1471 957 1555 ἐξῆν.
1002 1469 1068 1538 Sed
1091 1494 1150 1558 ge·

69 1569 199 1643 aetolis
222 1583 271 1636 est
298 1571 479 1639 sententia:
512 1572 617 1656 siper
642 1572 827 1655 legesdt'cet
851 1573 890 1636 iis
910 1573 965 1658 qni
989 1572 1023 1641 ἰα
1052 1574 1148 1637 simili
1239 1643 1241 1647 ,

27 1727 31 1733 ,
69 1684 147 1738 euru
173 1684 268 1757 atque
286 1675 482 1739 Philocteteo
509 1673 691 1739 ootrdiclone
715 1686 932 1744 testamentum
955 1672 1083 1759 fucere.
1106 1712 1150 1724 -

71 1770 237 1841 consulto
272 1789 382 1841 antem
419 1789 451 1844 et
477 1774 600 1841 callido.
631 1788 750 1843 orator.
771 1773 820 1849 ito
847 1775 1013 1862 loquitur,
1049 1775 1144 1862 quasi

69 1873 354 1960 Philoctemonis,
383 1900 453 1945 non
464 1875 676 1943 Euctemonis
697 1877 785 1942 bons
807 1877 849 1941 ab
870 1876 1070 1945 adversariis
1090 1902 1149 1966 pe·

40 1994 44 2003 “
69 1991 199 2046 tanum.
242 1976 328 2044 Num
350 1978 380 2044 si
400 2002 480 2045 vere
501 1977 721 2047 Euctemonis.
736 1972 825 2045 bone
847 1993 960 2063 erent,
976 1995 1076 2063 ¹recte
1098 1980 1149 2045 et·

72 2102 139 2165 qne
168 2079 284 2146 ordine
314 2081 484 2163 lecerunt,
516 2081 603 2166 quod
638 2080 869 2169 διαμαρτυρίαν
896 2105 958 2170 pro
987 2079 1148 2166 legitimis

69 2179 201 2253 scilicet
227 2180 441 2248 Euctemonis
470 2183 550 2248 filiis
576 2183 862 2270 interposuerunt,
896 2206 995 2269 quem
1022 2182 1052 2248 si
1078 2206 1150 2248 non

72 2281 365 2370 interposuissent,
395 2285 482 2348 hanc
504 2283 611 2372 ipsam
632 2285 680 2361 ob2
697 2308 830 2356 causam
853 2283 1052 2373 reprehendi
1072 2262 1150 2373 posi·

74 2398 158 2450 sent.
203 2384 315 2470 Neque
331 2385 416 2450 illud
431 2385 610 2455 admodum
624 2408 744 2472 greve,
767 2385 855 2471 quod
878 2385 1003 2451 sithoc
1021 2408 1150 2472 quoque

70 2484 114 2555 in
134 2487 342 2573 διαμαρτυρίᾳ
363 2487 552 2575 ponendum
573 2487 697 2569 fuisse,
728 2509 797 2555 non
824 2486 958 2553 licuisse
980 2486 1148 2557 Philocte-

70 2587 169 2654 moni
190 2588 314 2654 testari.
369 2589 455 2655 Nam
476 2587 506 2653 si
528 2587 661 2674 quidem
681 2585 738 2652 isti
760 2587 904 2672 legitimi
925 2588 1059 2652 fuerunt
1079 2585 1149 2653 Eu·

68 2690 237 2757 ctemonis
257 2689 338 2771 filii,
367 2687 512 2753 dubitari
534 2712 601 2754 non
622 2702 769 2776 poterat,
799 2687 880 2773 quin
902 2687 990 2752 bona
1010 2701 1149 2775 paterna

72 2790 189 2859 omnis
216 2792 258 2857 ud
287 2779 352 2857 eos¹
366 2789 591 2879 pertinerent,
628 2813 734 2874 neque
754 2788 868 2854 fratris
890 2802 1083 2855 testamento
1103 2787 1148 2873 iio

72 2892 161 2981 eripi
187 2908 331 2980 possent.
375 2891 470 2959 Nihil
497 2889 602 2979 igitur
622 2890 779 2956 attinebat
801 2890 865 2956 hoc
895 2888 1005 2984 ipsum
1026 2889 1148 2956 diserte

71 2990 200 3080 eloqui.
243 2994 342 3078 Quod
364 3009 474 3060 autem
496 3018 537 3060 ne
558 3017 628 3059 esse
650 2987 783 3079 quidem
803 3005 958 3059 testatum
979 2991 1148 3059 Philocte-

71 3119 209 3163 monem
233 3096 452 3185 scripserant,
485 3102 554 3162 non
581 3117 620 3160 eo
641 3093 753 3162 animo
774 3093 943 3185 lecerunt,
974 3092 1088 3180 quasi,
1116 3093 1148 3160 si

68 3212 210 3267 testatus
238 3215 343 3283 esset,
372 3197 515 3265 deterius
543 3196 747 3286 pupillorum
780 3219 917 3271 suorum
943 3195 996 3285 jus
1022 3196 1147 3262 factum

73 3318 148 3371 osse
168 3302 403 3383 concederent,
431 3300 488 3366 sed
507 3323 571 3385 quo
587 3298 693 3386 magis
714 3296 873 3390 injustam
894 3313 990 3385 atquo
1010 3297 1147 3364 inanem

67 3398 301 3469 diluerestrati
322 3402 566 3469 contentionem
587 3425 658 3471 esse
678 3413 867 3486 arguerent.
1218 3440 1228 3464 s

162 3504 200 3592 ᾖ.
221 3506 276 3573 53.
307 3502 405 3588 ἀκοὴν
432 3511 612 3586 μαρτυρεῖν.
661 3502 740 3570 Vid.
764 3503 804 3568 de
826 3500 899 3568 ord.
920 3499 990 3587 jud.
1013 3524 1046 3588 p.
1069 3499 1145 3575 669,

162 3605 200 3692 ᾗ.
222 3607 277 3675 55.
308 3604 412 3694 τούτῳ
439 3607 491 3671 καὶ
511 3615 576 3681 ταῖς
603 3603 708 3680 ἄλλοις
727 3641 772 3659 -
790 3611 856 3678 τοῖς
876 3607 933 3666 toti
949 3596 1147 3683 Εὐκτήμονας

69 3701 224 3788 χρήμασι.
273 3705 466 3775 Pronomen
493 3706 595 3796 τούτῳ
621 3732 690 3775 non
717 3706 822 3775 olium
851 3705 887 3776 h·
915 3703 942 3770 l.
973 3701 1147 3789 designare

12 3810 15 3817 '
73 3820 201 3895 potest,
232 3808 299 3875 nisi
330 3835 426 3895 eum,
456 3810 514 3897 qni
542 3811 642 3877 modo
664 3807 852 3895 nominatus
881 3818 948 3887 est,
976 3802 1160 3871 Philocte-1

68 3932 228 3993 monem
255 3910 367 3999 itaquo
385 3921 451 3988 τοῖς
472 3903 576 3988 ἄλλαις
593 3907 733 3996 χρήμασι
752 3931 820 3973 non
837 3929 932 3996 posse
948 3928 1024 3970 cnm
1044 3900 1146 3992 τούτῳ

69 4012 230 4099 componi
257 4029 404 4103 apparet.
453 4015 568 4100 Neque
595 4011 728 4103 objiciet
748 4010 888 4095 aliquis,
915 4005 1009 4082 ἄλλος
1030 4029 1144 4094 saepe-

71 4136 216 4180 numero
247 4115 294 4180 itu
321 4116 416 4201 addi,
447 4116 506 4181 ubi
528 4118 641 4182 abesse
663 4113 834 4180 commode
855 4121 1002 4199 puteret3
1034 4120 1141 4173 certos

73 4213 165 4283 enim
186 4216 251 4283 hoc
279 4217 404 4284 idioma
425 4220 507 4284 fines
528 4217 647 4302 hehet,
677 4237 783 4302 neque
803 4234 951 4299 unquam
972 4207 1066 4285 titos
1085 4206 1146 4274 td·
