2632 4800
128 266 194 337 174
348 293 351 298 ·
485 270 538 341 ΙΝ
558 270 838 345 ottsrlotttsttt

126 438 385 549 dipav
411 438 586 523 ἀνείλοντο,
614 442 675 510 ubi
695 430 1006 536 proiecto'fraterni
1027 449 1203 537 sanguinis

126 545 399 613 commemoratio
437 546 533 611 nullo
570 546 670 613 modo
702 548 922 636 praetermitti
954 550 1124 638 potuisset.
1157 590 1205 604 --

126 646 218 732 Quot
238 660 349 712 sutem
378 646 504 712 fuerint
525 644 705 739 Cleonymi
725 664 881 738 nepotes,
921 651 987 717 duo
1009 675 1051 718 an
1072 654 1211 743 plures,

124 750 221 816 nullo
248 747 374 814 indicio
395 748 564 815 docemur.
618 749 730 828 Etiam
752 751 1021 820 adversariorum
1042 779 1217 824 numerus.

118 852 269 927 incertus
303 864 371 930 est,
404 874 511 936 neque
532 850 639 939 magis
661 867 807 931 certum,
842 878 1006 940 quaenam
1033 854 1123 922 inter
1144 880 1204 927 eos

124 968 158 1020 et
186 951 410 1044 Cleonymum
436 952 589 1039 cognatio
624 952 863 1022 intercesserit:
898 980 1085 1044 quanquam
1111 958 1201 1045 quod

23 1104 25 1109 ,
124 1052 491 1144 §.361egt'must'dtt
518 1056 571 1119 stul
591 1054 668 1139 γένει
688 1056 788 1120 ποθὲν
810 1056 1016 1142 προσήκουσι,
1049 1083 1117 1126 non
1140 1060 1203 1126 stl-

122 1159 260 1225 modum
287 1156 506 1247 propinquam
535 1156 764 1244 cognationem
786 1159 935 1225 indicare
956 1160 1107 1245 videtur,
1136 1161 1202 1229 vix

55 1323 57 1327 .
122 1276 160 1328 nt
181 1259 320 1340 ἀνεψιοὶ,
348 1258 469 1325 rectius
490 1259 630 1346 fortasse
652 1257 820 1339 ἀνεψιαδοῖ
835 1262 925 1327 credi
945 1260 1085 1351 possint.
1127 1263 1200 1329 No-

121 1363 415 1430 miuenturautem
432 1360 496 1449 55.
512 1363 553 1428 31
576 1376 609 1427 et
629 1360 671 1428 45
683 1361 886 1430 Pherenicus
908 1364 1043 1454 ejusque
1063 1364 1198 1451 fratres,

121 1479 292 1555 praeterea
315 1463 351 1550 5.
376 1462 637 1552 ttt’osidippus
660 1479 691 1528 et
701 1463 855 1532 Diocles:
883 1489 962 1532 uam
983 1458 1046 1532 lios
1067 1490 1199 1554 quoque

46 1635 48 1639 ,
122 1592 167 1633 ex
197 1567 240 1632 iis
261 1566 382 1648 luisse,
416 1565 473 1652 qui
500 1579 697 1631 testamento
720 1563 898 1657 Gleonymi
920 1568 1057 1635 heredes
1079 1568 1197 1657 scripti

121 1684 236 1753 erant,
277 1667 341 1755 55
364 1669 408 1732 22
428 1681 460 1733 et
480 1666 524 1733 42
545 1680 631 1732 extr.
656 1667 790 1735 docent:
829 1683 943 1735 utrum
960 1670 1083 1747 iratres
1106 1668 1197 1737 Phe-

120 1771 226 1838 renici
255 1770 398 1853 fuerint,
430 1792 491 1833 nec
519 1793 580 1846 ne,
612 1768 755 1856 perspici
783 1793 852 1834 non
881 1784 997 1859 potest.
1050 1770 1115 1838 llis
1137 1768 1196 1838 Si·

119 1897 255 1940 monem
277 1871 368 1936 addit
397 1892 515 1957 graeca
537 1869 732 1959 hypothesis
755 1895 772 1936 e
795 1872 831 1958 5.
855 1872 916 1956 31,
944 1894 1009 1958 quo
1029 1895 1099 1938 uno
1119 1873 1195 1939 loco

119 1973 190 2064 ejus
211 1971 336 2039 mentio
357 1974 414 2054 fit,
445 1995 550 2057 neque
571 1988 683 2037 tamen
703 1972 769 2055 ita,
787 1988 825 2061 ut
845 1975 936 2039 hunc
957 1997 1086 2061 quoque
1106 1974 1197 2043 inter

118 2075 381 2143 testamentarius
403 2073 541 2139 heredes
561 2072 663 2139 fuisse
684 2074 931 2141 affirmaverim.

205 2176 362 2273 Ceterum
392 2174 521 2241 nemini
552 2198 621 2242 nou
651 2175 836 2265 permirum
872 2176 1062 2256 videbitur,
1104 2178 1193 2265 qnod

119 2278 343 2371 Cleonymus,
383 2300 485 2364 quum
516 2290 747 2344 testamentum
777 2277 965 2344 rescindere
984 2280 1104 2365 vellet,
1135 2304 1193 2348 eos

116 2382 207 2472 ipsos
229 2382 269 2446 ad
286 2379 495 2446 arcessendos
518 2379 729 2464 magistratus
750 2379 858 2464 misit,
888 2381 1007 2465 quibus
1028 2383 1116 2447 hauc
1136 2404 1194 2448 re·

116 2484 311 2552 scissionem
332 2480 480 2547 maxime
500 2480 663 2569 ingratam
685 2505 755 2547 esse
777 2482 965 2571 oportebat,
993 2483 1113 2571 quippe
1134 2483 1212 2571 qu'i·

41 2609 47 2619 ·
116 2611 152 2654 se
179 2586 317 2667 heredes
345 2584 483 2673 scriptos
500 2574 584 2649 ¹esse
614 2606 681 2647 uon
710 2582 917 2670 ignorarent.
966 2582 1046 2649 Vid.
1076 2584 1111 2671 5.
1133 2588 1190 2667 22.

114 2688 202 2757 Nam
224 2688 308 2774 quod
332 2711 408 2752 eum
429 2708 496 2750 non
514 2683 699 2750 rescindere
721 2685 778 2751 sed
795 2688 991 2764 confirmare
1013 2699 1216 2752 testamen···

114 2807 186 2856 tum
216 2789 362 2857 voluisse
394 2788 567 2870 dicebant,
607 2785 641 2851 id
674 2785 808 2871 quidem
839 2810 893 2852 eos
924 2787 1078 2853 mentitos
1118 2810 1193 2856 esse

114 2892 230 2975 facile,
266 2889 404 2979 opinor,
443 2888 598 2953 omnibus
626 2904 739 2953 orator
769 2889 989 2976 persuadebit.
1034 2886 1100 2954 Sed
1122 2889 1192 2957 nisi

114 3018 168 3061 me
191 2992 377 3083 conjectura
399 2990 505 3073 fallit,
534 2992 617 3056 baec
638 2990 702 3079 suit
719 2985 898 3081 Gleouymi
917 3013 1032 3073 mens,
1053 3004 1089 3054 ut
1112 2991 1192 3058 aliis

114 3094 248 3182 quidem
269 3117 313 3159 ex
333 3093 408 3177 bis,
432 3116 512 3179 quos
534 3093 670 3158 heredes
693 3092 885 3181 scripserat,
915 3091 975 3158 nui
997 3105 1084 3156 certe
1097 3090 1193 3158 Phe·

112 3197 238 3280 renico,
261 3194 394 3283 quicum
410 3218 528 3282 graves
545 3194 576 3260 ei
588 3193 783 3259 inimicitiae
796 3192 1041 3259 intercedebant
1055 3191 1106 3279 (5
1115 3194 1189 3279 31),

113 3298 273 3364 adimeret
286 3297 372 3383 qnod
394 3298 540 3385 legatum
563 3310 651 3379 erat,
678 3296 765 3361 inter
787 3310 911 3361 ceteros
933 3310 1042 3360 autem
1064 3318 1191 3382 cogna-

112 3415 163 3466 tos
192 3423 230 3465 ac
258 3398 382 3465 sororis
413 3418 492 3465 suae
517 3398 605 3464 filios
634 3397 851 3463 hereditatem
871 3396 918 3463 ita
940 3395 1121 3480 divideret,
1152 3410 1196 3463 ut

69 3536 71 3541 ·
112 3525 217 3587 neque
239 3501 295 3581 hi,
323 3522 405 3588 quos
419 3500 651 3566 etcarissimos
674 3514 706 3564 et
718 3499 878 3585 sauguine
899 3495 1205 3594 conjunctissimosx

110 3603 272 3686 babebat,
304 3602 368 3668 soli
390 3604 553 3668 bonorum
576 3594 712 3666 suort‘rm
735 3616 885 3689 expertes
907 3614 1033 3683 essent,
1065 3612 1098 3664 et
1119 3599 1189 3687 illi,

111 3727 192 3790 quos
224 3720 319 3770 antea
350 3705 487 3771 heredes
515 3703 723 3788 instituerat,
753 3703 900 3790 aliquam
923 3717 1033 3768 tamen
1055 3716 1189 3789 partem

109 3804 313 3894 acciperent:
343 3807 428 3894 quod
446 3807 579 3894 quidem
594 3829 649 3872 eos
669 3805 742 3893 ipsa
761 3805 813 3872 rei
835 3804 998 3890 aequitate
1016 3819 1189 3892 permotos

109 3906 198 3971 haud
233 3931 331 3995 aegre
360 3910 487 3976 laturos
518 3909 675 3999 speravit.
721 3906 819 3994 Quod
843 3923 953 3974 sutem
976 3905 1121 3973 Gausius
1143 3906 1188 3972 de

106 4003 173 4092 jur.
195 4008 270 4074 her.
293 4008 322 4077 l.
344 4034 378 4100 p.
400 4013 464 4077 393
484 4011 599 4078 statuit
619 4025 850 4089 testamentum
871 4004 1185 4098 tollereGleonymo

108 4131 177 4174 non
197 4110 331 4178 licuisse
347 4113 416 4178 nisi
439 4112 719 4180 consentientibus
734 4111 795 4195 iis,
818 4132 960 4197 quorum
979 4109 1018 4176 in
1037 4110 1184 4195 gretiam

109 4210 268 4300 seriptum
298 4227 387 4294 erat,
418 4214 494 4280 falli
520 4214 652 4283 videtur
681 4213 740 4282 vir
765 4212 987 4281 acutissimus.
1036 4211 1124 4278 Nam
1143 4220 1186 4277 ut
