2632 4800
242 311 307 382 nn
326 308 618 382 3336333333
637 284 958 380 numanam.
1069 282 1135 381 na

148 479 302 571 ἔφόρεσεν.
345 480 399 548 De
416 482 480 547 hac
499 480 607 546 forma
628 475 887 569 viqucbaefer.
909 480 1036 571 Appen.
1058 482 1133 559 crit.

56 582 118 655 111
136 610 170 674 Ρ.
186 586 264 663 309,
286 583 328 651 de
349 582 593 671 significatione
613 579 763 649 Lobeck.
787 582 828 648 ad
849 581 982 672 Phryn.
1004 606 1135 672 parerg.

16 744 19 751 ⁴
57 714 96 780 P·
119 685 233 865 melite
276 781 412 881 Scilicet
440 784 500 876 qui
530 808 566 852 se
596 783 764 875 adoptatus
794 783 958 869 dicerent,
985 735 1020 851 id
1049 786 1135 872 quod
1255 838 1259 845 .

59 894 119 959 r'es
136 889 210 980 ipss
231 887 337 955 docet.
1213 958 1214 962 Ἰ

108 1060 112 1071 ,
149 990 187 1078 §.
207 989 241 1057 8.
268 988 481 1072 Appendices
505 986 562 1070 μέν
588 1012 632 1073 γε.
674 986 721 1054 Η.
745 1011 774 1054 e.
803 986 861 1069 μὲν
881 985 952 1070 γάρ.
976 986 1135 1078 Thucyd.

59 1092 100 1179 1,
121 1088 166 1159 40
192 1105 281 1159 extr.
303 1089 479 1157 Demosth.
511 1089 735 1157 inAristocr.
764 1113 796 1177 p.
819 1088 895 1172 657,
926 1089 960 1154 7.
988 1086 1072 1179 Lys.
1099 1088 1151 1155 in'
1207 1116 1212 1123 ·
1242 1117 1250 1138 x

60 1194 208 1282 Agurat.
230 1219 264 1282 p.
286 1190 351 1258 462
371 1190 421 1257 in.
443 1190 562 1256 Elmsl.
586 1191 628 1256 ad
647 1189 729 1255 Eur.
752 1189 841 1259 Med.
863 1213 898 1257 v.
922 1189 1018 1257 1062.
1038 1186 1135 1256 Ocni.
1261 1236 1263 1241 -

61 1310 99 1365 et
118 1295 272 1382 Huogev.
295 1291 449 1360 Schiitzii
469 1317 502 1382 p.
518 1290 582 1357 152
602 1314 658 1358 no.
681 1289 780 1357 XIV.

150 1394 220 1463 6767
245 1393 324 1480 πρὸς
352 1391 407 1457 τὸν
435 1389 572 1478 ἅρχοπα
593 1381 665 1474 ἧκεν
686 1389 769 1476 ἄγων
789 1429 842 1458 -.
865 1387 999 1460 Scilicet
1018 1407 1057 1460 ut
1075 1416 1139 1483 pu·

62 1497 143 1591 pilli
154 1521 270 1565 curam
282 1493 436 1561 archonti
457 1494 702 1561 commendaret
713 1496 864 1586 bonaque
886 1493 958 1584 ejus
980 1496 1138 1561 elocanda

63 1613 208 1669 curaret.
257 1596 351 1666 Haec
374 1595 465 1662 enim
492 1597 534 1661 ad
555 1595 725 1662 archontis
755 1594 899 1662 officium
918 1597 1137 1685 pertinebant.
1201 1630 1223 1671 ,·

27 1750 38 1761 ,
63 1698 121 1769 (tf.
144 1696 320 1767 Demosth.
343 1698 379 1763 in
400 1697 524 1768 Lucrit.
546 1724 581 1787 p.
604 1695 814 1782 940,10.ὶη
833 1696 971 1764 Macart.
994 1723 1027 1788 p.
1043 1699 1138 1783 1076,
1246 1718 1249 1723 ·

62 1800 121 1871 14.
143 1801 270 1869 Pollux
283 1799 382 1883 VIII,
403 1800 457 1867 89.
502 1799 601 1886 Quod
623 1815 732 1865 autem
743 1798 889 1867 Meierus
910 1800 951 1866 de
972 1799 1045 1866 ord.
1067 1799 1138 1889 jud,

63 1928 100 1994 Ρ.
120 1905 166 1970 37
185 1902 226 1968 de
255 1900 431 1989 adoptione
459 1902 541 1967 haec
569 1900 759 1988 accipienda
779 1915 889 1990 putat,
917 1901 1004 1968 mihi
1025 1916 1140 1968 contra

63 2004 213 2075 videtur.
266 2003 352 2069 Nam
381 2002 411 2069 si
441 2002 663 2093 adoptandum
690 2026 827 2092 puerum
855 2026 916 2092 per
947 2004 1140 2070 anebontem

63 2099 183 2175 curere
195 2101 392 2172 Aminiade's
409 2105 533 2189 voluit,
559 2104 648 2184 nihil
661 2105 702 2170 ad
724 2128 796 2171 rem
817 2104 1018 2193 pertinebat,
1039 2127 1156 2191 quam¹

64 2206 337 2275 din'Nicostratus
353 2206 496 2274 Athenis
519 2206 674 2288 afuisset3
700 2221 830 2294 poterat
850 2207 940 2274 enim
962 2207 1017 2272 hic
1039 2207 1140 2274 etiam

64 2310 187 2377 absens
203 2307 415 2396 adoptionem
427 2308 522 2396 pueri
544 2332 579 2377 se
592 2309 726 2374 absente
747 2308 818 2374 nati
839 2310 1021 2404 curandam
1032 2308 1140 2376 amico
1271 2386 1274 2391 ¹

63 2410 239 2479 mandare.
284 2406 350 2476 Sed
372 2409 407 2474 id
430 2410 563 2475 demum
584 2410 784 2493 absurdum,
798 2434 954 2498 'puerum
976 2410 1141 2476 triennem

65 2511 141 2602 ejus
161 2511 270 2579 filium
286 2511 473 2577 naturalem
488 2511 616 2596 dicere,
644 2511 701 2598 qui
722 2511 877 2579 undecim
897 2535 1001 2580 annos
1022 2513 1141 2579 absens
1240 2526 1257 2568 ί
1300 2536 1303 2541 ·

63 2613 198 2683 fixisset.

155 2715 194 2804 §0
216 2716 250 2783 9.
281 2711 409 2804 Πῦῤῥος
429 2714 464 2782 δὲ
494 2711 729 2800 ὃΛαμπτρεῧς
747 2752 801 2782 -.
843 2715 895 2783 Ita
916 2713 1140 2799 scribendum,
1163 2766 1166 2771 .

64 2840 139 2906 non
157 2815 352 2902 Λαμπρεύς,
387 2833 475 2885 recte
505 2818 675 2909 Taylcrus
710 2818 841 2885 monuit
871 2841 923 2906 ap.
950 2816 1139 2884 Reiskinm.

66 2917 234 3005 Quamvis
262 2919 354 2985 enim
379 2943 475 3008 saepe
495 2920 672 3005 Λαμπρεύς
700 2921 737 2986 in
758 2920 925 2987 codicibus
947 2932 1054 3004 extet,
1087 2918 1141 2986 vi-

63 3018 190 3091 donam
216 3035 329 3085 tamen
356 3045 425 3087 esse
447 3023 534 3087 hanc
562 3022 760 3111 scripturam
783 3021 929 3087 dubitari
949 3044 1017 3087 nou
1037 3035 1144 3110 potest

63 3112 204 3211 propter
222 3121 475 3210 inscriptiones,
507 3123 544 3189 in
565 3124 684 3211 quibus
715 3148 818 3211 quum
838 3123 1143 3210 frequentissimum

64 3221 113 3290 sit
139 3223 204 3289 boc
232 3246 374 3308 nomen,
404 3248 575 3312 nunquam
603 3249 670 3292 non
692 3223 889 3312 Λαμπτρεὺς
908 3225 1068 3316 scriptum
1088 3225 1144 3289 in·

54 3322 223 3408 venitur,
249 3341 381 3413 praeter
408 3350 530 3410 unam,
566 3351 650 3414 quae
679 3329 780 3394 habet
805 3324 999 3412 Λαμπτεῦς,
1033 3325 1143 3393 mani·

64 3424 173 3513 festo,
201 3440 238 3492 ut
267 3428 434 3511 arbitror,
465 3427 626 3517 lapicidae
654 3452 780 3497 errore.
837 3430 897 3497 Est
924 3442 1034 3497 autem
1061 3428 1143 3493 haec

64 3525 157 3616 apud
187 3526 397 3596 Bceekhium
427 3527 467 3596 G.
495 3529 524 3597 1.
558 3554 614 3598 nu.
645 3530 709 3597 137
736 3556 770 3598 v.
803 3533 836 3598 0.
879 3531 1039 3617 Reliquae
1066 3541 1144 3594 sunt

64 3650 128 3695 nc.
151 3627 301 3713 125,11.
325 3630 388 3697 150
398 3630 444 3714 Α,
467 3631 520 3697 13.
544 3632 619 3716 190,
641 3631 696 3700 34.
719 3634 782 3699 190
804 3635 838 3713 b,
860 3634 893 3698 3.
917 3631 967 3717 (in
987 3630 1142 3697 Addend.
1175 3693 1178 3700 .

64 3753 104 3819 p.
127 3728 213 3817 008),
226 3733 303 3815 200,
332 3733 365 3800 9.
392 3735 467 3811 270,
497 3731 550 3799 14.
579 3732 632 3801 15.
666 3734 718 3800 19.
740 3732 805 3801 284
831 3735 895 3799 361.
920 3734 952 3798 d.
974 3754 1063 3799 vers.
1088 3732 1142 3798 18.

65 3830 147 3914 290,
170 3831 204 3899 5.
226 3835 303 3916 293,
325 3834 358 3900 6.
382 3833 458 3917 353,
481 3835 513 3901 9.
537 3833 590 3902 14.
613 3837 689 3916 670,
711 3837 744 3901 3.
768 3837 844 3918 671,
857 3836 890 3900 3.
913 3835 989 3912 672,
1011 3834 1044 3898 3.
1067 3834 1143 3916 673,

66 3920 111 4001 a
126 3930 202 4017 674,
224 3935 257 3998 3.
281 3934 355 4018 673,
378 3940 411 4003 3.
434 3937 509 4019 676,
530 3939 564 4001 3.
586 3939 651 4005 763
671 3938 706 4020 3,
728 3935 761 4002 3.
785 3935 989 4003 33333333.
1010 3959 1044 4022 p.
1067 3935 1141 4001 917.

156 4038 195 4120 τῇ
215 4031 337 4122 Ἀθηνᾷ
355 4073 400 4088 --
420 4042 647 4122 καθιερῶσθαι.
690 4035 908 4103 Consecratae
929 4060 949 4100 a
969 4034 1144 4101 morienti·

67 4135 133 4201 bns
162 4135 320 4223 pecuniae
348 4139 538 4225 exemplum
571 4153 619 4204 est
644 4136 743 4203 etiam
764 4161 817 4228 ap.
839 4135 980 4228 Lysiam
1000 4137 1041 4203 de
1062 4137 1142 4203 bon.
1260 4210 1266 4225 Α,

67 4232 247 4327 Aristoph.
262 4260 297 4327 Ρ.
309 4238 384 4317 630.
399 4237 452 4306 cf.
475 4255 507 4305 et
516 4239 692 4309 Demosth.
705 4238 743 4308 in
753 4239 918 4405 'l'imctb1
920 4263 957 4405 p.
975 4235 1070 4323 1204,
1089 4238 1142 4302 12.
