2632 4800
127 373 129 376 ⁴
199 304 235 352 w
349 242 446 383 J'
510 230 950 384 retorsero
1045 223 1063 240 ⁹

117 515 121 541 Ξ
194 473 268 518 rum
297 448 592 537 grammaticorum
620 449 772 539 plerique
799 450 898 518 nimis
926 473 949 518 a
973 451 1183 539 professione
1206 476 1269 522 sua

194 571 340 636 alienam
367 577 496 656 putant.
544 562 651 636 Haud*
673 591 960 657 supervacaneum
987 572 1087 658 igitur
1113 570 1265 639 laborem

193 689 273 754 mihi
294 689 487 775 suscepisse
502 686 638 772 videor,
667 697 725 756 aut
740 709 926 775 occupasse
940 692 1027 777 quod
1041 677 1098 757 alii
1118 690 1265 757 fortasse
1294 752 1295 757 ,

175 806 313 882 melius
346 815 381 874 et
407 805 585 871 studiosius
608 805 722 872 acturi
753 806 914 891 fuissent,
953 830 1052 896 quum
1081 830 1158 874 eum
1185 807 1266 873 mihi

47 913 76 946 “’
128 928 149 1009 j
192 932 360 1030 oratorem
380 927 592 990 tractandum
614 924 761 1011 sumpsi,
801 924 855 1012 qui
877 933 966 1022 totus
989 926 1094 1015 estin
1115 927 1180 993 hoc
1200 926 1267 1013 pri.

191 1051 345 1110 vatorum
367 1060 544 1109 causarum
566 1065 711 1128 genere,
752 1051 788 1109 et
808 1065 871 1131 quo
893 1045 1002 1110 nullus
1024 1046 1133 1111 adhuc
1155 1044 1266 1130 magis

120 1216 123 1221 ,
185 1153 236 1226 'ab
258 1160 409 1227 omnibus
430 1151 608 1247 neglectus
630 1161 711 1243 fuit3
746 1161 827 1227 illud
849 1163 958 1250 potius
986 1166 1186 1248 verendum,
1220 1184 1264 1229 ne

191 1281 344 1366 ingratus
365 1276 462 1346 labor
484 1287 660 1366 appareat,
689 1288 727 1347 et
747 1279 909 1366 perpauci
932 1280 1040 1359 etiam,
1055 1283 1197 1367 posthac
1220 1282 1266 1348 ad

41 1417 43 1424 ·
74 1456 79 1501 Ι,
191 1396 559 1467 lectitandumlsaeum
581 1398 803 1485 promptiores
816 1397 918 1481 futuri
932 1399 1008 1466 sint.
1053 1400 1264 1487 Quamquam
1289 1428 1290 1431 ¹

102 1615 104 1618 Ι
192 1517 223 1584 si
243 1516 316 1604 quis
338 1523 373 1582 et
393 1517 444 1597 ius
466 1515 562 1583 civile
578 1517 831 1584 Atheniensium
854 1525 888 1584 et
910 1517 974 1583 fori
991 1517 1263 1586 consuetudinem

193 1655 437 1721 causarumque
467 1637 720 1702 tractandarum
751 1635 914 1702 rationem
928 1634 929 1638 ’
944 1643 979 1702 et
999 1644 1105 1704 totum
1126 1637 1189 1701 hoc
1216 1636 1263 1716 ju-

48 1830 52 1841 ,
63 1789 73 1833 ς
192 1753 322 1822 (licialis
351 1753 562 1853 eloquentiae
590 1775 697 1840 genus
728 1774 794 1819 non
820 1776 963 1840 ‚prorsus
985 1757 1208 1840 spernendum
1230 1759 1265 1820 et

192 1871 381 1960 cognitione
397 1871 567 1956 indignum
590 1893 668 1938 esse
689 1879 836 1956 statuat,
867 1893 933 1937 non
953 1872 1050 1939 video
1072 1893 1171 1960 quem
1193 1853 1266 1936 ora-

145 2052 146 2056 ,
191 1997 319 2074 torem,
359 1986 453 2053 siah
475 1990 707 2069 uno'omnium
734 1988 885 2077 principe
908 1990 1123 2074 discesseris,
1157 1988 1265 2075 potio·

190 2131 264 2176 rem
286 2107 417 2190 judicet
442 2106 561 2194 Isaeo,
607 2111 702 2192 cujus
728 2111 771 2174 de
810 2107 898 2175 civili
922 2109 1000 2190 jure
1029 2107 1197 2174 orationes
1230 2115 1266 2174 et

192 2227 307 2316 plnres
337 2234 414 2293 sunt
441 2234 541 2314 quam
577 2222 783 2312 ceterorum,
818 2228 967 2323 praeter*
984 2202 1264 2310 Demosthenem,

191 2320 355 2431 omnium,
385 2363 514 2430 eaeque
535 2344 569 2410 in
599 2368 667 2412 una
688 2348 832 2433 quadam
848 2343 934 2427 juris
955 2352 1053 2431 perte
1074 2354 1262 2431 versantes,

192 2483 278 2552 quae
301 2483 345 2531 ex
371 2462 424 2528 his
452 2462 527 2530 fere
549 2463 890 2551 soliscognoscenda
911 2471 982 2549 est,
1015 2471 1051 2530 et
1072 2466 1116 2529 ad
1136 2462 1264 2530 Demo-

105 2614 107 2618 *
191 2582 319 2650 athenis
338 2580 636 2669 incomparabilem
656 2583 899 2672 praestantiam
920 2583 954 2648 in
975 2581 1040 2648 hoc
1058 2581 1194 2670 quidem
1215 2590 1264 2648 te·

176 2702 247 2792 nni
268 2721 311 2767 ac
333 2698 445 2767 subtili
465 2722 592 2786 genere
609 2701 740 2777 dicendi
757 2703 901 2770 omnium
915 2700 1066 2789 proxime
1086 2683 1262 2767 accedunt.

190 2819 236 2888 Et
256 2798 399 2907 ¹agnovit
426 2840 510 2887 sane
540 2821 629 2888 hanc
648 2820 741 2889 lsaei
771 2821 906 2888 laudem
939 2818 1152 2887 consentiens
1172 2806 1264 2885 vete·

168 2942 264 3009 *rum
296 2959 338 3005 ac
363 2934 589 3033 recentioium
622 2939 813 3008 criticorum
827 2938 1008 3022 judicium,
1042 2935 1264 3032 praedicavit

189 3078 254 3146 que
282 3056 645 3143 imprimisDionysius
671 3058 984 3125 Halicarnassensis
1017 3078 1058 3123 eo
1087 3072 1188 3143 quem
1219 3057 1263 3120 de

188 3166 289 3243 ls‘aeo
320 3178 508 3262 composuit
532 3177 666 3263 libello,
701 3186 740 3244 ut
764 3177 861 3250 nobis
882 3176 1015 3265 quidem
1043 3177 1130 3241 hunc
1150 3173 1264 3268 locum

190 3294 382 3361 accuratius
400 3303 611 3382 pertractare
629 3296 708 3362 nihil
721 3318 804 3383 opus
819 3295 879 3377 sit3
905 3268 1031 3362 verum'
1044 3295 1134 3359 haud
1155 3292 1262 3357 multo

189 3411 298 3478 minus
319 3422 433 3480 tamen
466 3437 488 3480 a
508 3401 677 3482 veteribus
703 3415 824 3481 Isaeus
846 3414 1024 3500 neglectus
1045 3410 1126 3496 fuit,
1160 3432 1262 3499 quam

191 3551 214 3596 a
239 3533 494 3602 recentioribus.
553 3535 642 3600 Nam
673 3525 707 3601 et
733 3536 908 3616 rhetoreS,
950 3532 1005 3619 qui
1038 3531 1138 3614 artis,
1167 3531 1263 3612 cnjus

79 3672 81 3676 ’
189 3646 246 3715 ille
274 3658 310 3716 et
332 3652 503 3738 magister
531 3652 783 3721 sollertissimus
817 3661 852 3720 et
881 3651 1040 3737 optimum
1070 3647 1263 3733 exemplum

189 3767 270 3853 init,
299 3779 486 3858 praecepta
507 3775 660 3858 tradunt,
686 3772 795 3839 rarius
815 3753 948 3837 tantum
967 3771 1038 3851 ejus
1057 3767 1263 3834 mentionem
1288 3844 1289 3848 Ἰ

188 3886 333 3973 faciunt,
375 3898 410 3956 et
436 3891 666 3977 grammatici,
710 3892 765 3979 qui
794 3897 852 3957 aut
887 3892 930 3955 de
960 3909 1115 3955 sermone
1144 3885 1262 3952 Attico
1303 3952 1306 3957 .

189 3998 257 4072 aut
275 4007 317 4072 de
338 4008 415 4089 jure
444 4031 486 4075 ac
513 4008 587 4075 foro
620 4017 808 4096 exponunt,
843 4008 981 4075 Isaeum
1012 4015 1136 4093 testem
1168 4005 1261 4072 haud
1288 4042 1299 4058 «·

187 4123 485 4216 sane‘freqoentcr
507 4127 613 4198 citare
635 4129 760 4197 solents
789 4129 930 4216 denique
952 4126 1007 4216 qui
1030 4125 1163 4194 devita
1185 4124 1261 4210 ejus
