2632 4800
108 212 177 283 tas
464 208 514 279 tlt
535 203 821 277 otiosiorem

42 430 45 438 -
108 379 212 449 tuisse
239 378 373 460 statuit,
404 377 463 449 sed
490 374 538 444 ita
565 389 699 460 umen,
736 390 774 441 ut
800 374 889 443 bona
918 397 988 442 uon
1015 371 1121 442 simul
1148 372 1196 447 ad

110 481 244 550 eosdem
274 478 500 569 pervenirent.
545 476 689 551 danum
718 499 788 545 csso
809 478 896 544 hanc
918 475 1114 567 opinionem
1135 475 1197 545 val

111 583 177 650 hoc
204 581 314 672 ipsum
344 581 463 649 docere
493 593 619 670 potest,
657 579 745 666 qdod
777 580 891 670 paullo
919 592 995 646 ante
1025 577 1204 666 legimuse,

91 676 94 681 ¹
112 687 279 768 προσῆκον
286 679 366 770 σάτῇ
387 679 485 764 μετά
508 686 585 748 τῶν
602 677 820 767 χρημάτων
841 684 888 767 τῷ
909 675 1067 768 ὶῃιιτάτῳ
1088 679 1199 764 ηένοσς

114 791 280 865 συνοικεῖν,
312 783 391 851 daiu
412 782 499 872 quod
520 807 566 849 ex
587 805 638 849 or.
661 782 702 848 de
723 781 854 873 Pyrrh..
872 783 948 850 her.
971 788 1007 862 ς.
1029 783 1073 854 65
1094 780 1201 851 etiam

116 887 321 975 avunculum
350 885 534 978 majorem,
562 884 590 951 si
618 883 799 973 epiclerum
827 881 982 968 ducaret,
1015 885 1102 950 bona
1126 882 1201 976 ejus

117 987 280 1078 accepisse
310 1002 458 1078 apparet.
510 986 625 1104 Netpac
645 987 716 1052 ulla
735 1008 884 1073 unquam
911 985 1106 1074 nuptiarum
1128 983 1204 1074 api·

118 1087 201 1156 cleri
231 1087 304 1155 sinc
334 1088 429 1156 bouis
450 1088 597 1179 paternis
628 1086 755 1153 mentio
781 1089 836 1171 fit,
866 1100 904 1153 ut
924 1088 988 1153 hac
1008 1109 1143 1174 quoque
1163 1084 1205 1154 iu

119 1213 157 1257 ro
176 1189 230 1282 jus
243 1188 394 1256 Atticum
417 1212 611 1279 expressum
627 1188 738 1258 rideri
759 1187 878 1257 debeat
898 1211 918 1255 a
934 1187 1075 1255 Platona
1090 1187 1204 1274 Legg·

120 1289 173 1361 Xl
185 1292 293 1380 cap.7
313 1290 439 1379 1³:924.
458 1290 505 1360 E:
528 1289 583 1356 ἰάν
604 1287 621 1357 ὅ
641 1291 686 1375 μὴ
708 1290 895 1374 διαθέμενος
913 1287 1094 1374 ἀτιμοτέρας
1116 1289 1205 1375 λέπη,

120 1397 179 1459 τοῦ
201 1388 419 1468 ἀποθανόντος
450 1390 586 1479 ἀδελφὰς
616 1388 786 1477 ὁμοπάτωρ
810 1391 832 1476 ἢ
852 1390 989 1477 ἄκληρος
1009 1386 1207 1477 ὁμομήτριος
1231 1390 1241 1399 ’“

122 1492 216 1578 ἔχέτω
236 1490 295 1577 τὴν
314 1493 476 1580 θυγατέρα
491 1488 564 1559 1καὶ
584 1492 652 1560 τάν
671 1501 815 1579 κλῆρον
832 1497 890 1559 τοῦ
910 1490 1208 1576 τελευτήσαντος-

25 1622 40 1634 -·
123 1595 191 1663 nisi
212 1594 298 1682 quod
325 1595 411 1661 illud
441 1593 577 1681 ἄκληρος
604 1619 623 1661 a
644 1595 845 1687 philosopho
865 1618 928 1686 pro
949 1593 1018 1661 suis
1038 1594 1208 1682 reipubli-

125 1720 182 1766 cae
200 1694 405 1762 ordinandae
427 1697 612 1764 rationibus
633 1697 784 1764 additum
805 1712 867 1764 ost.
880 1733 926 1747 -
947 1694 1107 1763 Getarum
1127 1689 1210 1779 ἀμι-

126 1795 225 1883 sacac
250 1791 319 1892 jam
342 1797 467 1877 dudum
488 1798 590 1867 etiam
611 1799 733 1887 absque
754 1798 907 1867 codicum
927 1798 1122 1864 auctoritate
1151 1820 1209 1863 re·

80 1912 86 1918 '
126 1899 317 1990 ponendum
348 1900 431 1982 suit,
473 1915 505 1966 et
534 1901 719 1990 repositum
747 1899 837 1967 haud
865 1899 965 1965 dubie
990 1900 1100 1984 foret,
1140 1897 1218 1979 nisi,

127 2000 239 2069 rarior
254 1998 351 2066 vorbi
371 2002 571 2068 constructio
585 2026 661 2068 cum
683 2002 754 2068 solo
769 2000 943 2085 'infinitivo
963 1999 1208 2095 impedivisset.

128 2101 182 2171 Eu
203 2101 308 2190 igitur
328 2101 470 2168 alterum
483 2102 554 2193 ejus
570 2104 761 2192 exemplum
778 2127 796 2169 e
812 2100 1055 2191 Xenophonte,
1080 2099 1208 2193 Gya-op.

130 2202 212 2288 Vll,
242 2205 283 2287 2,
311 2202 373 2270 172
402 2200 571 2287 ἀμελήσας
591 2201 712 2290 {porscia
740 2203 795 2270 τάν
821 2200 920 2290 θεόν,
954 2201 985 2270 εἶ’
1006 2228 1036 2269 τι
1065 2199 1212 2288 ἐδεόμην,

132 2301 347 2390 ἀπεπειρώμην
376 2300 471 2370 adro&
497 2307 524 2370 εἰ
551 2302 679 2371 δύναιτο
707 2301 872 2390 ἀληθεύειν
878 2353 889 2386 ,
923 2305 1009 2394 quod
1031 2329 1099 2373 nou
1122 2307 1211 2371 mala

131 2405 312 2494 Kriigerus
336 2404 379 2471 ad
400 2404 511 2473 Anah.
541 2406 707 2497 papus
731 2406 819 2475 verti
839 2430 935 2497 posse
962 2407 1027 2474 ait:
1072 2409 1212 2475 Tuom

58 2543 62 2548 ·
133 2509 246 2576 ιιάενοτ
265 2504 303 2573 od
315 2543 370 2591 -·,
394 2530 476 2597 quac
492 2508 667 2576 conversio
687 2507 789 2574 etiam
804 2524 918 2600 nostro
938 2508 1014 2576 loco
1036 2523 1112 2600 apta
1135 2508 1209 2577 erit.

175 2642 177 2649 ,
219 2614 254 2691 ἦ.
281 2609 315 2676 6.
359 2602 586 2693 ἀπεστερήθην.
634 2604 838 2699 'suspicetur
863 2610 983 2698 aliquis
1011 2607 1209 2698 ἀπεστερήθη

134 2710 244 2803 potius
264 2708 476 2777 scribendum
497 2710 621 2796 fuisse,
651 2709 725 2778 scil.
753 2708 773 2795 ἦ
794 2708 917 2798 μήτηρ,
946 2714 1210 2801 quandoquidem

60 2873 64 2883 .
136 2827 228 2879 actor
257 2811 327 2901 ipsa
350 2809 416 2876 illo
434 2825 612 2900 tempore,
649 2836 751 2899 quum
783 2815 865 2880 haec
890 2817 1026 2899 fierent,
1064 2815 1209 2883 nondum

46 2959 49 2962 <
136 2926 233 2980 natus
254 2925 357 2978 erata
391 2911 498 2998 Atqui
520 2902 630 2979 nihilo
657 2929 768 3008 tamen
790 2915 901 2982 minus
923 2915 1024 2982 otiam
1045 2915 1112 2983 sibi
1133 2918 1210 2983 haec

136 3015 225 3079 bona
255 3026 367 3104 crepta
388 3011 498 3079 dicere
524 3028 653 3104 potest,
684 3015 805 3106 quippe
832 3042 935 3105 quae,
967 3013 997 3084 ¹si
1023 3018 1126 3084 matri
1145 3038 1210 3084 nou

112 3128 246 3182 ‘essent
274 3124 409 3201 erepta,
440 3137 500 3182 aua
528 3139 617 3181 nunu
648 3118 737 3184 haud
759 3119 858 3186 dubie
879 3119 1006 3202 foront3
1039 3143 1143 3206 quum
1161 3114 1211 3186 illi

139 3229 249 3305 erepta
271 3215 356 3300 sint,
385 3214 599 3305 ipsiquoque
620 3220 772 3287 nunciis
794 3222 974 3302 carendum
996 3236 1056 3288 est.
1161 3240 1163 3245 ·

227 3314 265 3403 §0
289 3317 322 3384 8.
349 3316 428 3384 'Non
458 3318 626 3386 immerito
646 3320 806 3409 Reiskius
838 3324 1006 3389 malebat:
1045 3320 1131 3389 οὕτω
1159 3319 1210 3407 μέν

143 3418 175 3494 ἐξ
195 3412 293 3501 ἀρχῆς
321 3414 409 3500 ἡμῶν
433 3410 472 3502 ἦν
503 3416 520 3485 ὅ
542 3425 662 3505 κλῆρος.
704 3420 894 3490 Pronomen
916 3446 1016 3512 quam
1035 3424 1136 3491 facile
1157 3444 1208 3507 ex}

144 3519 252 3584 cidere
271 3519 417 3607 potuerit
437 3520 650 3590 manifestum
671 3539 735 3608 est3
762 3549 869 3611 neque
889 3539 1002 3594 tamen
1023 3541 1141 3593 contra
1162 3546 1214 3591 co·

144 3619 234 3685 dices
254 3620 467 3688 inserendum
490 3623 592 3709 duxi,
621 3650 723 3712 quum
743 3627 827 3693 ferri
847 3626 948 3694 ctiam
963 3629 1101 3716 vulgata
1120 3625 1213 3694 lectio

21 3803 24 3807 r
144 3720 260 3810 possit.
316 3718 409 3788 Mori
420 3748 521 3810 quum
543 3739 617 3815 post
642 3732 682 3812 τῇ
704 3726 821 3814 ἀδελφῇ
841 3733 881 3814 τῇ
902 3724 1016 3795 ἑαυτοῦ
1035 3749 1216 3848 pronomen

147 3822 444 3891 demonstrativum
461 3825 601 3893 addatur
618 3825 736 3915 ταύτῃ,
756 3830 829 3920 ipsa
849 3828 988 3915 mulier,
1009 3831 1135 3898 actoris
1148 3851 1217 3897 ma·

55 3975 60 3982 .
148 3936 215 4004 ter,
245 3921 428 4010 injudicio
449 3927 753 4047 conscendatur,
785 3932 872 4019 quod
893 3955 1158 4020 nonnunquam,
1183 3929 1217 3997 iu

148 4022 291 4109 publicis
305 4025 499 4113 praesertim
519 4030 646 4116 causis,
673 4031 797 4100 factum
817 4034 991 4118 videmus,
1018 4048 1057 4100 ut
1073 4036 1132 4103 rel
1146 4054 1219 4101 ma·

125 4138 216 4222 ¹pres
235 4124 292 4192 vel
311 4148 442 4198 sorores
462 4131 520 4199 val
538 4132 626 4200 filias
646 4156 758 4220 secum
778 4135 815 4202 in
833 4132 998 4225 judicium
1009 4138 1218 4220 adducerent,
