2632 4800
406 304 853 379 PRAEFATIO*
1009 322 1015 329 ‘
1109 330 1177 383 xus
1287 312 1294 335 ⁸

93 480 270 548 notatione
290 478 413 547 eritioo
431 477 516 547 setis
536 477 647 546 hebui.
690 475 730 545 ln
750 478 817 546 hoo
838 476 941 547 otium
963 478 1177 562 ooujooturns

94 601 263 688 quosdam
288 599 463 687 proposui,
498 619 586 687 quse
609 594 797 683 longiorem
823 596 1010 665 orationem
1037 619 1106 664 nou
1124 619 1179 667 ro-

95 718 286 805 quirereutr
325 725 460 784 eeteros
488 717 524 783 iu
560 715 827 783 oommouteriisz
864 736 1064 805 quemquem
1098 725 1179 787 suut

96 836 201 905 utinm
229 836 263 901 in
292 836 344 903 his
370 834 566 920 nonnullus,
599 834 642 901 do
669 832 786 925 quihus
813 833 849 901 in
869 843 981 901 annot.
1011 833 1085 907 orit.
1106 856 1178 903 mo·

96 976 181 1022 uere
209 953 293 1021 sutis
318 952 448 1039 fuerat,
485 955 548 1022 sod
569 973 656 1041 quae
677 952 786 1021 serius
807 973 847 1019 so
867 950 1068 1023 obtulerunt.
1113 952 1178 1023 θο-
1204 1008 1207 1013 -

96 1080 208 1140 terum
236 1094 335 1161 quum
358 1072 533 1160 permultis
560 1070 646 1139 losio
665 1078 817 1139 veterem
838 1070 1019 1139 leotiouem
1039 1072 1176 1142 Bekko·

98 1214 157 1259 rus
178 1190 283 1273 tneite
314 1192 508 1276 mutaverit,
539 1190 657 1259 hurum
683 1189 901 1259 mutationum
923 1189 1046 1278 duplex
1066 1211 1174 1279 genus

100 1332 179 1377 esse
207 1318 365 1398 apparet:
401 1310 563 1393 aiterum,
600 1306 658 1374 ubi
676 1308 829 1396 reposito,
849 1330 871 1375 n
891 1305 1051 1376 Bekkero
1071 1308 1175 1377 leotio

98 1429 200 1495 nihilo
229 1427 348 1497 molior
376 1433 431 1495 est
455 1434 591 1511 vetere,
619 1425 781 1512 ultorum,
814 1425 871 1493 ubi
896 1434 1048 1495 veterem
1069 1426 1175 1495 muni·

99 1546 187 1614 festo
202 1553 396 1635 corruptam
412 1522 720 1613 eommutavitoum
741 1542 901 1630 meliors,
927 1543 962 1610 in
982 1565 1082 1632 quum
1095 1567 1176 1613 uou-

96 1687 264 1752 uuuquam
280 1664 382 1734 otium
394 1660 552 1731 Reirkiuo
576 1663 771 1747 ooujeoture
784 1661 958 1731 inuideret.
998 1661 1080 1731 Jnm
1091 1661 1176 1732 illut

98 1758 295 1851 Brutorum
314 1805 381 1849 nou
403 1783 657 1850 oommissurum
672 1758 777 1849 fuisse
790 1780 873 1867 seio,
902 1789 941 1849 ut
961 1783 1174 1868 mutationes,

99 1922 188 1989 quae
216 1922 283 1967 non
305 1908 422 1969 esseut
449 1901 687 1986 ueoesssuiue,
717 1908 855 1987 praeter
876 1900 1065 1986 graviorem
1087 1901 1176 1968 eodi-

100 2043 177 2088 oum
209 2020 443 2087 uuotoritutem
463 2019 647 2106 reoiperetr
681 2017 898 2106 quemobrem
924 2017 958 2084 iu
988 2019 1176 2102 huiusmodi
1274 2100 1281 2113 .

100 2139 184 2206 loeis
215 2139 303 2205 huno
325 2160 390 2225 ego
420 2146 581 2227 sequutus
602 2160 695 2223 sum,
728 2136 794 2203 nisi
814 2136 871 2205 ubi
890 2144 1041 2204 voterem
1058 2136 1176 2205 leotin-

99 2278 177 2323 nem
208 2264 385 2342 proestare
416 2256 541 2335 oensui.
590 2255 741 2322 Alterius
772 2264 885 2322 sutem
911 2254 1048 2341 generis
1068 2264 1176 2325 muta·

99 2375 209 2442 fiores
228 2397 260 2442 ,ο
290 2376 483 2458 oonjeoture
511 2375 602 2443 houd
622 2373 721 2443 dubio
746 2372 803 2441 vel
821 2372 925 2460 ipsius
945 2366 1098 2445 Bekkori
1117 2370 1175 2444 voi

99 2491 230 2560 Reiskii
254 2493 430 2581 profectae
458 2501 553 2578 sunt,
596 2513 678 2581 quus
711 2512 776 2578 ego
811 2491 986 2579 adoptavi,
1027 2490 1092 2558 uisi
1118 2492 1175 2559 ubi

99 2613 220 2679 melius
251 2611 375 2701 aliquid
403 2611 482 2679 mihi
507 2612 582 2698 ipse
609 2609 748 2678 videbar
775 2609 953 2679 invenisse.
997 2608 1107 2677 Unum
1127 2609 1175 2678 le·

97 2733 173 2799 vius
200 2732 265 2798 hoe
293 2731 369 2797 loeo
398 2730 628 2816 attingendum
654 2730 801 2814 videtur,
835 2750 917 2795 usus
943 2728 1173 2816 pronominum

99 2848 200 2916 αὐτοῦ
225 2858 261 2917 ot
288 2843 403 2934 αὑτοῦ,
440 2848 475 2915 ἱιι
502 2869 566 2935 quo
594 2868 694 2936 quum
720 2848 884 2915 rationem
912 2846 1093 2914 Bekkerus
1121 2869 1174 2915 se·
1262 2857 1265 2863 '

98 2977 221 3058 quutus
242 2968 287 3034 sit
307 2989 371 3033 nou
388 2964 508 3055 ubique
524 2966 676 3033 entismo
695 2967 910 3053 perspexisse
928 2965 1050 3051 fateor,
1073 2986 1173 3053 quom

98 3110 166 3175 ego
191 3094 351 3175 sequutus
384 3086 466 3170 sim,
500 3105 566 3150 nou
596 3084 774 3151 obscurum
804 3093 931 3152 attento
958 3084 1078 3152 leotori
1097 3085 1173 3152 fore

97 3205 240 3275 eonfido.
283 3203 323 3271 In
336 3190 600 3290 orthographicis
615 3224 848 3291 nonnunquam
864 3212 1056 3292 poooutum,
1078 3211 1174 3273 uerte

96 3346 165 3392 nou
189 3324 332 3390 eandem
354 3343 489 3408 semper
499 3322 664 3389 rationem
686 3330 880 3389 oonstouter
901 3332 1071 3390 servatum
1093 3344 1172 3389 esse

100 3562 184 3626 dare
196 3579 262 3625 nou
278 3580 410 3626 reouso.
433 3558 700 3626 Describemlum
718 3558 806 3626 enim
821 3560 932 3646 operis
939 3558 1174 3646 Lipsiensibus

100 3679 265 3744 dederam
278 3676 531 3763 Weigeliauum
551 3678 743 3764 exemplum
757 3700 837 3744 meu
853 3700 954 3743 manu
973 3686 1172 3762 correctum,

99 3795 211 3882 inquo
224 3774 365 3881 negotio
381 3796 539 3863 nonnulla
554 3796 611 3863 vel
621 3797 736 3862 oculos
749 3818 843 3863 meos
857 3795 970 3882 paullo
986 3794 1173 3863 obtusiores

99 3914 155 3981 vel
181 3914 328 3979 animum
347 3935 412 3979 nou
435 3915 518 3982 satis
545 3914 597 3981 his
617 3914 720 3982 rebus
740 3916 902 3982 intentum
921 3914 1051 4001 fugisse
1072 3937 1171 3983 nemo

98 4031 282 4099 mirabitur.
306 4031 391 4100 Sunt
403 4042 515 4100 autem
526 4033 788 4100 tulinueomulta
800 4035 985 4119 ueomugni
999 4034 1186 4119 momentis·

96 4152 198 4239 plurn
217 4171 262 4217 uo
274 4149 401 4238 forent,
424 4152 511 4221 eavit
527 4151 710 4222 doetissimi
726 4152 966 4239 odolesosntis,
986 4151 1172 4221 Hermnuui
