2632 4800
294 302 358 373 DE
380 302 565 375 CIRONIS
586 304 907 387 HEREDITATE.
1051 304 1139 381 ’305

60 474 217 563 exempla
237 473 309 541 vid.
337 497 390 575 gp.
413 473 630 549 Matthiaeum
652 498 703 561 gr.
727 474 787 542 Gr.
810 497 844 562 p.
866 474 942 544 650.
965 474 1136 555 Sobaefer.

61 574 225 663 Apparat.
255 574 329 641 crit.
357 573 393 639 in
421 574 598 645 Demosth.
627 573 663 641 ll
691 600 724 664 p.
746 578 822 644 2⁰9.
852 580 928 646 232.
950 577 1039 648 400.
1070 576 1139 647 Sed

62 665 109 743 ὧν
130 676 216 748 ἕνεκα
238 667 338 740 τᾶλλα
359 676 490 759 γίγνεται
509 700 630 743 vereor
650 692 687 742 nt
706 701 825 744 sanum
847 678 901 747 sit.
944 679 1030 746 Nam
1051 681 1138 767 quod

61 775 224 843 Reiskins
245 776 312 844 aits
344 770 488 857 τᾶλλα,
520 776 557 843 id
576 777 687 843 estaol
711 777 942 860 σύμπαντα,
970 793 1039 846 tota
1059 783 1140 866 laneo

61 880 272 944 emetrooereio
293 916 337 928 —-
367 879 448 945 haec
478 904 542 967 qna
573 881 703 954 ratione
734 872 833 944 τᾶλλα
860 881 1006 965 dicatur,
1039 906 1139 951 nemo

61 980 200 1048 dixerit.
224 979 446 1047 Scribendum
461 973 763 1067 ntiquecenseo-dar
779 983 979 1048 ἕνεκαταῦτα
994 983 1138 1067 pahareton.
1260 1058 1263 1063 ¹
1293 998 1296 1005 ’

73 1146 76 1150 .
149 1082 185 1168 ᾧ.
208 1083 262 1149 35.
293 1081 442 1168 Exponit
470 1106 558 1147 nunc
587 1098 695 1166 actor,
736 1098 895 1170 qnantum
923 1084 1087 1151 bonorum
1118 1106 1139 1152 a

63 1180 191 1274 Girone
209 1183 363 1249 relictum
385 1183 444 1267 sit,
467 1207 607 1271 quornm
629 1183 867 1274 potiundorum
887 1209 945 1275 spe
966 1168 1138 1272 Dioclem,¹

61 1284 120 1371 qui
141 1287 297 1374 pleraque
317 1284 386 1368 jam
407 1310 495 1350 nunc
523 1285 560 1350 in
581 1301 774 1375 potestatem
796 1287 937 1370 habeat,
965 1288 1051 1352 hanc
1072 1285 1139 1355 sibi
1187 1354 1197 1375 ,
1228 1300 1232 1307 ’

60 1385 157 1454 litem
185 1386 346 1452 excitasse
377 1387 591 1453 demonstrat.
634 1387 828 1474 Reliquerat
855 1403 965 1453 autem
985 1387 1045 1453 ille
1065 1388 1137 1476 pri-

61 1502 156 1554 mt'nn
177 1488 351 1575 praedium
373 1488 409 1553 in
424 1488 646 1580 Pblyensium
662 1511 748 1577 pago
770 1488 823 1552 καί
842 1485 1000 1553 ταλάντου
1022 1487 1138 1577 ῥαδίως

60 1587 162 1666 ἄξιον.
206 1592 274 1653 Καί
298 1589 501 1657 intensivum
528 1612 598 1655 esse
619 1603 772 1679 apparet,
800 1604 838 1655 nt
859 1590 900 1655 de
920 1589 1037 1679 Apoll.
1060 1592 1134 1660 her.

62 1691 101 1779 f.
132 1692 175 1783 19
204 1690 312 1765 οὐσίας
347 1692 398 1755 καί
425 1690 666 1758 πεντεταλάντου
674 1720 687 1774 ,·
723 1705 756 1757 et
782 1690 862 1757 satis
893 1693 1061 1780 amplum,
1096 1707 1135 1760 nt

60 1816 125 1883 pro
146 1791 402 1859 Atheniensium
427 1792 584 1879 modulo,
615 1792 787 1882 praedium
814 1792 915 1859 luisse
936 1793 1138 1878 intelligitur

61 1894 191 1974 exiis,
226 1918 309 1980 quae
331 1896 372 1960 de
400 1919 559 1982 agrorum
584 1895 700 1984 pretiis
730 1894 893 1980 congessit
912 1894 968 1962 vir
987 1919 1136 1962 summas

61 1995 104 2070 de
125 2019 240 2063 oecon.
269 2020 299 2063 r.
328 2021 361 2086 p.
385 1996 430 2063 Α.
453 1997 471 2062 l
498 2022 531 2086 p.
555 1997 598 2063 67
619 2020 690 2083 sqq.
734 1996 820 2064 Nam
841 1997 871 2062 si
892 1996 991 2063 unius
1012 1997 1138 2093 plethri

59 2099 205 2189 pretium
229 2099 467 2184 quinquaginta
488 2099 559 2165 sere
580 2098 815 2166 drachmarum
837 2099 939 2166 luisse
960 2102 1136 2180 statuatur,

60 2201 152 2265 hnnc
166 2197 300 2277 Gironis
321 2224 439 2286 agrum
461 2215 594 2267 centum
615 2217 648 2268 et
668 2200 790 2288 viginti
806 2201 1014 2290 plethrcrum
1034 2201 1137 2269 fuisse

60 2315 192 2390 oportet
211 2302 247 2368 b.
271 2325 301 2366 e.
331 2301 484 2390 jugerum
505 2301 660 2389 Magdeb.
684 2303 817 2370 circiter
838 2303 981 2390 quinque
1004 2318 1035 2367 et
1056 2310 1137 2390 qna·

61 2402 228 2488 draginta.
271 2401 382 2492 Phlya
406 2419 514 2470 antem
535 2426 640 2492 pagus
661 2404 726 2483 fuit
747 2404 854 2469 tribus
876 2402 1138 2492 Cecropidis-'-

60 2504 169 2573 Porro
185 2505 301 2570 domus
317 2505 397 2570 duas
412 2505 448 2569 in
464 2504 559 2589 urhe,
582 2505 721 2571 alteram
734 2510 1014 2589 paedagogandum,
1037 2530 1137 2592 quam

22 2672 33 2683 ,
61 2608 193 2674 elocare
221 2606 369 2690 solebat,
405 2606 493 2671 unde
522 2601 640 2689 μισθός
670 2607 706 2676 h.
740 2630 769 2673 e.
801 2606 966 2672 locarium
993 2606 1136 2690 redibat,

10 2720 19 2735 '
61 2710 221 2792 alteram,
250 2709 288 2773 in
311 2731 375 2795 qua
401 2708 473 2796 ipse
502 2706 684 2777 habitabat.
728 2706 857 2774 Peioris
879 2707 971 2773 illius
991 2707 1137 2794 pretium

61 2825 134 2877 erat
155 2811 387 2876 drachmarum
408 2810 460 2875 bis
480 2810 592 2891 mille3
625 2808 672 2875 ita
697 2808 787 2875 enim
808 2808 894 2873 illud
915 2808 1137 2899 interpretatu·
1222 2840 1225 2845 ·
1293 2826 1296 2833 ⁴

27 2966 30 2971 ,
60 2913 144 2978 dum
173 2928 221 2978 est
250 2913 400 2993 δισχιλίας
431 2907 652 2996 εὖρίσκοασαν,
691 2912 731 2987 de
757 2910 863 3000 pretio
872 2922 887 2994 ,'
927 2934 993 2996 qno
1020 2911 1137 2978 venire

59 3027 209 3103 poterat,
241 3037 310 3079 non
331 3013 373 3080 de
393 3012 518 3079 locario
545 3036 675 3094 annuo;
703 3011 737 3077 id
761 3013 847 3099 quod
869 3012 1050 3100 intelliget,
1079 3012 1137 3098 qui
1240 3076 1243 3083 ,
1275 3020 1284 3045 ”

60 3115 240 3183 contulerit
267 3139 349 3202 quae
381 3116 421 3181 de
442 3115 558 3203 pretiis
578 3114 789 3205 praediorum
810 3115 1016 3180 urbanorum
1037 3115 1138 3181 hahet
1274 3148 1277 3157 ·

60 3216 254 3285 Boeckhins
280 3218 317 3297 l.
335 3218 361 3283 l.
391 3242 425 3307 p.
447 3218 503 3285 ⁷2.
553 3216 597 3283 Et
625 3217 666 3283 de
694 3217 758 3283 hoc
784 3240 848 3283 usu
866 3216 963 3283 verbi
988 3213 1136 3301 εὑρίσκειν

60 3318 134 3387 vid.
156 3306 305 3388 Dorvill.
332 3319 374 3385 ad
397 3319 526 3387 chana
554 3343 588 3408 p.
611 3320 688 3388 268.
718 3320 761 3386 cf.
791 3318 831 3385 de
852 3316 966 3404 Hagn.
994 3321 1067 3386 her.
1099 3324 1135 3400 §.

59 3419 117 3487 49.
169 3419 223 3486 De
249 3421 373 3488 Bacchi
403 3423 525 3511 templo
555 3421 593 3487 in
617 3421 768 3507 Limnis‚
806 3421 860 3486 cui
890 3421 973 3486 haec
1002 3419 1136 3487 (liranis
1266 3428 1270 3435 '

60 3519 173 3587 insula
187 3522 372 3612 propinqua
391 3523 494 3589 fnisse
512 3523 653 3602 dicitur,
675 3523 746 3591 vid.
764 3523 905 3612 interpp.
924 3522 965 3587 ad
976 3521 1135 3612 Thucyd.

60 3621 99 3691 ll
119 3646 190 3712 cap.
214 3625 256 3690 15
285 3638 317 3690 et
337 3618 489 3692 Boeckh.
513 3625 554 3690 de
574 3624 715 3692 Lenaeis
744 3639 806 3692 etc.
828 3647 863 3712 p.
885 3625 928 3690 70
949 3647 999 3710 sq.
1044 3621 1137 3691 Gita-

61 3739 118 3790 tur
140 3740 249 3791 autem
277 3726 334 3792 bic
360 3729 453 3794 locus
484 3728 524 3793 ab
547 3727 810 3817 Harpocratione
832 3749 860 3793 s.
883 3742 918 3794 v.
942 3725 974 3790 ίν
994 3727 1138 3810 Λίμναις
1209 3742 1212 3747 ·

62 3822 237 3906 Διόνυσον,
269 3828 327 3893 ubi
354 3844 465 3895 tamen
497 3828 578 3896 olim
600 3825 767 3902 ’Διονύσιον
793 3827 952 3917 scriptum
972 3828 1075 3897 fuisso
1096 3830 1137 3895 fl·

63 3928 139 3993 dem
161 3929 241 3994 facit
262 3925 386 3996 Suidae
406 3932 499 3998 locus
520 3954 565 3997 cx
585 3931 645 3997 illo
665 3931 866 4018 desumptus.
887 3965 932 3981 -—·
953 3930 1043 3997 Dein
1064 3945 1137 4020 post

63 4026 246 4115 ἀνδράποδα
266 4036 526 4118 μισθοφοροῦντα
547 4056 723 4099 nnmerum
745 4031 908 4099 excidisse
929 4046 1083 4120 apparet3
1103 4044 1137 4098 ct

62 4132 191 4198 notavit
211 4134 276 4199 hoc
302 4130 371 4221 jam
392 4133 581 4202 Bekkerns.
626 4133 712 4204 Sunt
733 4148 844 4201 autem
865 4133 956 4200 servi
975 4139 1137 4220 μισθοφο·

63 4237 190 4318 (ιοῢντις
216 4234 338 4325 partim
370 4235 522 4327 opifices,
555 4237 612 4327 qui
644 4237 835 4329 pensionem
856 4233 1022 4325 quandam
1041 4232 1136 4303 statis
