2632 4800
319 306 383 376 DE
406 304 646 375 GLEONYMI
665 303 988 377 HEREDITATE.
1125 311 1190 379 tta

115 476 352 560 oonoodamm,
384 474 442 563 qni
469 476 613 564 adoptati
635 489 764 561 essent,
792 500 860 544 non
881 477 1026 566 potuisse
1045 501 1108 567 pro
1128 479 1189 544 ad·

114 578 258 670 optantis
279 577 420 643 arbitrio
441 576 605 663 abdicari,
626 579 685 647 sed
707 593 764 645 ant
783 577 932 667 ipsorum
948 603 1109 647 consensu
1129 595 1189 647 snt

112 702 232 747 oonsae
250 679 447 769 probatione
467 702 549 768 opus
569 679 673 747 fnisse
694 678 780 765 (vid.
802 678 923 747 Maiori
947 704 1123 768 meumque
1142 683 1188 749 li·

110 783 213 849 brom
233 781 276 847 de
295 781 411 848 ordine
431 780 586 874 judicior.
611 808 644 871 p.
660 779 724 848 tlt
745 781 829 869 sq.):
859 781 1008 870 primum
1027 781 1188 851 intererat

109 883 203 951 lund
232 882 333 949 dubie
353 883 501 970 aliquid,
528 898 642 951 utinm
668 883 875 951 interrivos
901 882 1022 970 aliquis
1049 886 1188 975 adopta·

109 1000 164 1053 tos
185 999 272 1053 esset
290 984 430 1072 ideoque
450 985 487 1051 in
507 985 672 1053 familiam
692 985 797 1076 patris
819 984 968 1074 adoptivi
987 983 1057 1074 jam
1076 1002 1187 1054 nans-

108 1086 224 1171 iiasot,
258 1110 304 1153 an
332 1101 528 1154 testamento
557 1101 687 1153 tantum
713 1088 811 1155 heres
840 1087 982 1176 scriptus
1010 1110 1049 1153 oa
1068 1090 1187 1156 eondi-

110 1188 227 1273 oione,
247 1202 286 1255 nt
304 1204 380 1278 post
399 1204 542 1256 mortem
559 1190 723 1257 testatoris
744 1211 805 1279 pro
826 1189 898 1255 filio
919 1203 1020 1271 esset3
1043 1189 1121 1255 dein
1142 1216 1186 1259 ne

110 1290 178 1357 hoo
199 1289 336 1377 quidem
356 1306 501 1375 constat,
535 1292 679 1379 aliquem
703 1315 748 1357 ex
768 1291 968 1358 adversariis
989 1306 1185 1359 testamento

109 1388 291 1482 Gleonymi
316 1393 507 1483 adoptatum
534 1417 617 1459 esso.
667 1392 761 1476 Quin
787 1364 925 1480 negavit*
949 1394 1014 1458 hoo
1034 1391 1184 1460 Bonsen.

108 1494 150 1559 de
175 1493 243 1584 jur.
272 1495 345 1562 her.
367 1519 401 1583 p.
424 1493 479 1561 74.
525 1492 592 1561 Sed
623 1509 660 1560 nt
686 1508 867 1560 statuamus
888 1495 1059 1583 adoptasse
1083 1492 1185 1563 Cleo-

107 1618 252 1687 nymnm
271 1631 317 1647 ·-
343 1596 476 1663 otveri
504 1595 616 1663 simile
643 1607 693 1661 eat
720 1619 796 1661 enm
826 1594 1010 1685 providisse
1035 1618 1079 1662 ne
1099 1593 1184 1674 οἶκος

106 1720 188 1764 suns
220 1696 372 1763 interiret
404 1698 463 1783 (ei.
502 1722 552 1764 or.
581 1698 622 1763 de
652 1696 811 1785 Apollod.
850 1697 923 1764 her.
959 1696 996 1784 ἦ.
1024 1699 1117 1784 30.)=
1138 1737 1184 1749 -
1229 1716 1233 1727 “

108 1822 267 1865 omnesne
287 1798 458 1889 adoptavit
479 1823 523 1865 an
543 1799 672 1873 mom?
707 1797 821 1867 Unum
842 1798 932 1864 haud
954 1799 1066 1866 dubie.
1109 1799 1183 1887 lgi-

107 1914 164 1966 tnr
189 1900 247 1966 hio
273 1900 305 1968 si
325 1900 541 1983 consentiret,
572 1899 800 1987 reliquorum,
830 1899 948 1986 quibus
973 1902 1085 1984 legata
1105 1917 1183 1969 tan·

108 2015 179 2067 tum
200 2001 324 2091 scripta
335 2016 448 2086 erant,
476 2026 638 2069 consensu
650 2001 737 2067 nihil
750 2025 831 2090 opus
854 2016 935 2068 erat.
980 1999 1048 2070 Sed
1069 2018 1181 2072 tamen

108 2126 150 2168 ne
170 2102 270 2193 hujus
292 2103 425 2190 quidem
447 2127 643 2170 consensum
663 2102 886 2169 necessarium
907 2104 1009 2171 fuisse
1031 2107 1181 2175 credide·

110 2203 186 2271 rim.
234 2204 322 2271 Nam
348 2229 450 2292 qaum
477 2222 625 2271 aetorum
656 2228 754 2273 causa
776 2205 840 2270 hoo
861 2204 1070 2293 potissimum
1090 2209 1181 2276 nita·

110 2317 163 2371 tor
181 2322 393 2393 argumento,
415 2304 713 2398 qnodcleonymus
735 2308 853 2372 tollere
873 2321 1106 2376 testamentum
1116 2334 1179 2379 vo·

111 2405 222 2487 inerit,
243 2406 334 2473 nihil
353 2409 417 2474 hoo
438 2424 634 2496 argumento
646 2408 811 2474 infirmius
832 2432 937 2494 neque
950 2410 1094 2479 debilius
1115 2435 1178 2479 ex·
1223 2406 1226 2411 ¹

113 2508 246 2594 eogitari
272 2509 402 2598 potuit,
437 2511 468 2576 si
498 2511 601 2597 ipsius
632 2508 812 2601 Cleonymi
841 2515 996 2579 voluntas
1023 2512 1097 2579 sine
1117 2516 1178 2581 ad·

113 2611 331 2678 amariorum
360 2614 416 2679 vel
443 2611 542 2677 unius
575 2636 618 2677 ex
638 2613 691 2679 his
713 2635 874 2680 consensu
894 2615 1007 2699 valere
1027 2638 1095 2681 non
1115 2640 1177 2705 po·

114 2709 230 2781 tuimet
289 2712 386 2779 Nihil
411 2714 502 2779 enim
532 2712 632 2804 objici
660 2738 742 2802 opus
769 2731 840 2781 erat
866 2715 934 2782 nisi
960 2716 1023 2784 hoo
1051 2742 1176 2786 nnuma

117 2810 234 2881 etiamsi
255 2814 364 2882 voluit
385 2811 605 2905 Cleonymus,
642 2831 675 2881 at
696 2839 755 2881 nos
777 2817 957 2884 noluimus.

459 2983 507 3051 ln
538 2982 818 3076 Hypothesin.

188 3118 287 3188 Vera.
316 3123 351 3188 2.
395 3118 436 3196 ἃς
461 3119 649 3204 παρέχονται
675 3121 717 3196 εἰς
744 3118 869 3197 αὐτούς.
918 3122 1012 3191 Haeo
1042 3126 1072 3192 si
1090 3151 1174 3195 vora

121 3232 159 3284 est
173 3222 292 3307 lectio,
318 3237 452 3312 apparet
473 3245 563 3289 esse:
591 3246 680 3310 quos
696 3224 903 3309 prodierunt
921 3239 1049 3293 eontra
1079 3243 1175 3297 aeto·

121 3337 168 3385 toa
183 3324 267 3391 loe.
290 3324 545 3414 adpetitionem
567 3348 682 3391 eorum
704 3327 940 3414 repellendam.
984 3327 1049 3396 sed
1071 3333 1173 3397 talem

122 3425 354 3517 Pmpooitionis
382 3428 424 3501 el,-
444 3450 543 3495 usnm
562 3450 689 3494 vereor.
702 3441 739 3493 ot
758 3429 863 3517 proha
883 3430 1044 3516 graecitas
1067 3454 1172 3517 agno·

121 3536 190 3594 ost:
220 3551 299 3594 nam
320 3550 403 3615 quae
431 3527 554 3593 similia
575 3528 684 3594 videri
705 3530 831 3617 possint
851 3534 1027 3620 exempla,
1049 3534 1110 3597 ubi
1129 3534 1172 3609 εἰς

120 3629 271 3695 onmode
301 3628 443 3696 vertitur
470 3642 614 3714 eontra,
649 3622 835 3716 adversos,
872 3633 984 3719 qualia
1015 3634 1119 3699 multa
1150 3657 1170 3701 a

120 3728 213 3796 lllttltis
246 3747 400 3818 congesta
432 3744 527 3809 sunt,
567 3729 760 3817 diligentius
794 3733 1016 3800 consideranti
1058 3738 1170 3804 omnia

119 3814 229 3897 linat
251 3833 381 3919 generis
400 3846 480 3898 'esse
506 3833 687 3921 apparebit.
730 3835 840 3921 Atque
862 3834 950 3901 hand
972 3833 1041 3901 seio
1063 3860 1107 3902 an
1128 3840 1171 3914 εἰς

119 3916 214 4007 tirodg
233 3933 345 4023 potius
367 3958 386 3999 a
408 3934 625 4021 grammatico
647 3936 806 4025 seriptum
826 3935 935 4002 videri
958 3936 1093 4020 debeat,
1115 3927 1170 4007 re-

117 4016 277 4117 latim,
308 4058 374 4100 non
397 4035 705 4102 demonstrativum.
759 4033 856 4103 Certe
878 4034 1016 4122 διαθήκη
1036 4039 1080 4116 el'c
1098 4066 1168 4107 τινα

116 4114 394 4233 {lt-testamentoin
405 4137 545 4228 alicujus
565 4137 775 4204 commodum
790 4138 913 4227 scripto
929 4141 1054 4227 legitur
1067 4143 1167 4211 etiam

115 4238 142 4291 ¹¹
159 4232 294 4327 ltypotla.
318 4253 402 4305 orat.
426 4240 466 4306 do
487 4237 660 4330 Astyphili
682 4240 756 4306 lter.
782 4338 784 4343 y
