2632 4800
298 302 362 375 DE
384 299 574 373 GlRONIS
595 300 921 386 HEREDITATE.
1087 304 1155 372 383

32 454 292 559 ἅσθενὴσαντα
314 469 494 539 ἀποθανεῖν.
516 511 559 523 —-
579 472 664 539 Mox
683 470 860 561 participia
883 458 1096 556 συνοικήσασα
1108 512 1154 527 --

34 579 201 641 τἔκτιιῖσα
230 574 406 645 ἀσονδέτως
437 573 612 663 conjunctu
642 575 735 640 idem
754 575 868 640 valent
900 598 939 641 ac
960 576 991 642 si
1013 576 1154 645 dixisset

35 674 138 736 μετ’
162 675 200 744 οὗ
221 674 320 742 πολὺν
338 674 452 761 χρόνον
473 681 529 758 τῆς
549 673 756 760 συνοικήσεως
776 674 879 758 ἐπειδὴ
902 675 1000 743 ἔτεκεν
1020 713 1063 727 -·
1086 677 1153 745 ἔτι·

37 761 222 863 λεὗτησεν.
245 778 336 844 Dein
353 792 489 867 apparet
505 778 760 844 commemorari
777 778 930 845 debuisse
947 803 1015 844 uon
1034 765 1152 865 quum·

36 860 123 976 {liu
145 881 274 949 vixerit
296 881 439 962 mulier,
474 879 531 945 sed
554 878 713 966 quamdin
733 880 772 945 in
793 880 1008 947 matrimonio
1029 883 1150 951 sueritt

36 980 178 1071 ltesque
191 981 277 1069 quod
291 983 394 1068 vulgo
415 980 540 1065 legitur
559 980 639 1063 μειοὶ
662 981 823 1057 ἐνιαυτοῦς
840 976 1008 1065 τριάκοντα
1029 1008 1150 1051 verum
1208 1067 1211 1073 .

38 1085 137 1151 etse
159 1108 228 1151 non
248 1098 367 1171 potest.
417 1083 577 1168 Triginta
608 1080 705 1149 euim'
728 1083 808 1149 anu'i
831 1083 899 1148 dici
920 1109 989 1150 uon
1007 1103 1150 1175 possunt

35 1182 176 1266 Χρόνος
197 1185 234 1253 οὗ
248 1180 366 1260 nolis:
393 1209 499 1272 neque
511 1209 592 1252 vero
604 1200 715 1273 potest
728 1172 836 1250 deleta
851 1187 1030 1273 negatione
1044 1188 1149 1255 scribi

44 1287 276 1375 tturoom'oooo
289 1286 386 1351 πολὺν
404 1283 536 1370 χρόνονι
565 1311 644 1352 uam
663 1287 764 1352 breve
784 1285 873 1352 illud
894 1288 1149 1359 matrimonium

46 1374 168 1459 fuisse
189 1414 242 1457 res
264 1390 337 1480 ipsa
358 1391 571 1457 manifestum
593 1387 685 1459 lacit.
729 1387 935 1477 Corruptum
957 1390 1063 1476 igitur
1083 1417 1149 1459 nu·

53 1496 197 1561 lnemm
219 1517 289 1561 esse
312 1509 463 1581 apparet,
494 1488 689 1579 permutatis
711 1490 850 1556 sortasse
872 1491 967 1578 siglis
989 1518 1148 1560 numera-

57 1596 425 1700 litn‘yfaut'det‘u
457 1609 543 1696 quod
567 1632 672 1694 genus
695 1607 927 1701 conjecturae,
959 1609 1039 1677 licet
1060 1612 1147 1678 alio·
1248 1602 1262 1667 s

62 1728 142 1783 m
158 1716 342 1783 temeritate
359 1713 600 1803 quodammodo
614 1711 832 1793 infamatum,
860 1712 924 1776 hoc
937 1726 1049 1777 tamen
1070 1715 1147 1780 loco

65 1818 165 1904 plene
194 1819 417 1884 necessarium
444 1830 504 1881 est.
554 1813 597 1879 Et
618 1837 687 1879 non
707 1837 786 1878 raro
813 1813 891 1878 illas
913 1813 1029 1880 literas
1057 1814 1147 1881 inter

65 1943 100 1986 se
114 1921 298 2008 permutari
313 1935 451 1986 constat.
496 1916 573 1981 Vid.
591 1914 682 1980 Bast.
698 1938 819 1981 comm.
836 1917 1007 2003 palaeogr.
1028 1939 1062 2003 p.
1080 1919 1146 1985 802

65 2038 97 2088 ct
111 2023 186 2089 711.
230 2022 281 2088 Nc
300 2023 373 2109 quis
393 2035 503 2086 autem
523 2019 608 2084 forte
625 2016 739 2106 aetatis
752 2040 857 2083 annos
880 2016 1050 2105 designari
1072 2043 1146 2103 eree

64 2124 139 2204 dat,
168 2126 274 2190 obstat
296 2149 363 2190 non
385 2125 493 2189 solum
508 2144 562 2186 res
584 2118 677 2210 ipsa,
701 2144 784 2206 quae
806 2119 1014 2186 matrimonii
1034 2122 1145 2211 potius

62 2250 162 2315 quam
173 2226 263 2293 vitae
276 2249 380 2292 annos
393 2222 648 2291 commemorari
669 2224 829 2307 postulat,
863 2222 1044 2302 sedetiam
1064 2226 1160 2290 usus¹
1238 2291 1241 2295 ,

61 2327 234 2414 loquendi.
280 2326 412 2415 Quippe
427 2324 485 2412 qui
506 2323 705 2388 tricenarius
724 2323 826 2405 obiit,
859 2323 926 2388 dici
946 2348 1014 2389 non
1038 2340 1145 2409 potest

59 2428 141 2512 μετὰ
163 2428 324 2504 ἐνιαυτοῖς
344 2425 511 2510 τριάκοντα
541 2424 729 2503 ἀποθανεῖν,
759 2425 824 2490 nisi
847 2443 1144 2494 commemoratum

58 2546 159 2597 antea
188 2545 254 2614 est,
290 2554 354 2615 quo
385 2546 534 2614 tempore
566 2541 662 2591 natus
690 2526 745 2590 sit.
799 2523 957 2592 Ceterum
983 2527 1143 2596 Reiskius

56 2654 192 2720 quoque
221 2648 254 2697 et
275 2630 428 2699 Ionesius
458 2643 650 2715 corruptum
673 2650 744 2692 esse
766 2651 943 2693 numerum
965 2628 1143 2697 intellexe-

56 2748 160 2817 runt,
191 2748 223 2798 et
244 2742 325 2815 τρεῖς
347 2756 407 2819 pro
430 2727 597 2817 τριάκοντα
620 2729 833 2794 scribendum
855 2747 1067 2798 censuerunt.

149 2841 184 2915 ᾗ.
206 2837 239 2900 8.
273 2828 375 2917 ἐπειδὴ
403 2842 552 2897 συνοικεῖν
574 2827 649 2913 εἶχεν
676 2827 811 2913 ἡλικίαν.
854 2831 907 2897 Ita
927 2849 1000 2920 post
1020 2830 1143 2916 ἡλικίαν

53 2935 153 3005 solus
168 2936 353 3002 infinitivus
372 2935 504 3000 additur
516 2932 616 2998 etiam
632 2955 685 3019 ap.
702 2932 844 3023 Lysiam
860 2934 900 2998 de
918 2937 991 2999 olea
1007 2960 1039 3023 p.
1056 2936 1142 3007 2842

54 3036 140 3106 οὔθ’
163 3034 285 3120 ἡλικίαν
307 3036 384 3118 ἔχων
406 3037 517 3100 εἰδέναι
537 3036 605 3119 περὶ
628 3043 689 3099 τῶν
708 3032 869 3100 τοιούτων.
913 3035 957 3101 Et
977 3053 1051 3125 post
1072 3038 1141 3123 ὥρα

54 3164 115 3229 ap.
138 3140 222 3205 Isse.
247 3141 286 3205 de
303 3142 450 3231 Astyph.
475 3140 547 3204 her.
572 3137 682 3224 §.282
712 3133 799 3220 ὥραν
821 3134 901 3220 εἶχον
923 3135 1141 3204 παιδεύεσθαι.

52 3242 141 3310 Post
162 3241 286 3317 ῖξονσῖα
309 3266 361 3330 ap.
377 3243 460 3333 Lys.
484 3241 520 3304 in
544 3240 672 3305 Andoc.
695 3264 729 3327 p.
751 3238 836 3307 241:
866 3238 981 3305 οὔκουν
997 3241 1142 3318 ἐξουσίαν

50 3340 119 3428 χρὴ
141 3353 235 3407 ποιεῖν
256 3353 322 3418 τοῖς
341 3351 495 3427 μηνυταῖς
515 3340 639 3406 ἀδικεῖν.
682 3340 785 3407 Plura
799 3342 943 3409 aliorum
965 3345 1140 3412 nominum

55 3446 215 3532 exempla
244 3448 364 3512 afferre
391 3445 480 3511 nihil
510 3443 636 3509 attinet.
659 3482 703 3493 —
725 3443 805 3509 Post
825 3444 862 3508 in
885 3444 971 3510 dotis
992 3470 1140 3514 comme·

54 3546 247 3613 moratione
259 3547 460 3634 praepositio
483 3545 554 3611 σὺν
576 3544 710 3631 ἱματίοις
731 3547 782 3608 καὶ
800 3547 941 3630 χρυσίοις
960 3547 1139 3634 significat,

53 3661 166 3712 vestes
188 3673 316 3735 quoque
344 3663 375 3714 et
407 3673 544 3714 aureum
566 3663 720 3714 ornatum
742 3648 811 3713 doti
834 3651 1036 3715 accensenda
1056 3673 1139 3735 esse,

53 3762 94 3813 ut
116 3749 145 3813 si
167 3774 242 3815 cum
265 3750 404 3836 pecunia
427 3751 526 3816 etiam
548 3752 685 3816 illarum
706 3774 821 3815 rerum
838 3750 981 3841 pretium
1002 3775 1141 3841 compu-

55 3863 161 3933 tetur,
185 3875 315 3917 summa
335 3854 456 3917 existat
466 3851 571 3918 XXV
594 3852 774 3917 minarum.
819 3851 872 3916 De
894 3875 931 3916 re
949 3854 1038 3920 conf.
1055 3878 1139 3939 quae

56 3952 144 4017 dicta
166 3968 243 4018 sunt
265 3954 306 4017 ad
330 3971 412 4019 orat.
429 3956 468 4019 de
486 3954 629 4020 Menecl.
653 3954 768 4019 hered.
784 3953 831 4043 §.
845 3955 878 4020 9.
893 3954 984 4020 Add.
1000 3954 1041 4020 de
1063 3957 1137 4022 ord.

54 4052 126 4142 jud.
150 4079 184 4141 p.
207 4048 293 4119 417)

142 4155 179 4241 ᾗ.
196 4158 229 4222 9.
253 4155 344 4220 luter
358 4156 590 4240 probationes,
619 4179 702 4242 quae
718 4156 873 4243 deinceps
894 4173 1138 4244 proponuntur,

53 4279 158 4323 unam
181 4279 279 4323 nemo
301 4280 368 4322 non
391 4257 560 4344 requiret,
591 4280 675 4346 quae
695 4259 832 4345 quidem
853 4259 1005 4326 omnium
1033 4274 1066 4326 et
1085 4261 1137 4327 sa·
