2632 4800
1015 164 1023 197 1

220 387 222 391 y
280 302 345 372 nu
364 299 594 372 rfflrncurs
615 294 935 373 ununnmsru
1083 302 1149 374 cor
1195 326 1198 337 κ

73 472 303 563 (Jsbrbiicber
322 469 380 539 fiir
393 471 591 541 wissenscb.
610 470 746 560 Kritik)
767 474 853 540 1828
871 476 953 563 tom.
969 473 1002 539 2.
1018 497 1053 562 p.
1071 469 1148 540 34⁰.

74 574 232 647 ceterum
262 574 351 649 cous.
381 572 622 666 Wyttenbach.
645 573 737 643 Bibl.
768 574 843 642 crit.
866 574 911 642 V.
933 573 997 641 Ill.
1020 572 1061 641 Ρ.
1085 572 1148 640 IV.

74 703 111 768 p.
132 678 177 743 76
199 674 256 764 sq.
491 672 496 683 ’
760 680 763 685 ’

161 775 234 842 οὔτε
255 775 328 851 τοὺς
347 774 442 850 θεοὺς
462 775 537 852 τοὺς
557 771 776 865 πατρῴους-
798 773 1030 857 αἰσχυνόμενος.
1077 776 1152 841 (decl

74 882 236 968 rtbcp'q'ioa,
264 877 413 965 gentium
434 901 471 943 ac
492 871 698 944 familiarum
722 877 814 964 qussi
836 877 970 964 quidam
992 876 1027 943 di
1048 900 1151 964 pena-

75 996 150 1066 tcs,
191 979 386 1068 quibuscum
409 978 509 1045 etiem
530 1003 549 1044 a
571 974 737 1045 veteribus
759 990 996 1068 saepenumero
1018 1002 1153 1068 compa-

75 1081 144 1150 rati
165 1096 262 1167 sunt,
284 1080 405 1170 partim
428 1082 469 1146 ab
486 1068 640 1146 omuibus
657 1079 806 1163 civibus,
836 1079 893 1145 sed
915 1079 1055 1168 privatis
1076 1103 1152 1146 cae·
1187 1112 1191 1133 ε

77 1182 234 1251 rimouiis
263 1182 476 1266 colebantur,
507 1181 629 1270 partim
657 1180 710 1247 sui
741 1181 858 1268 cuique
880 1181 971 1269 genti
994 1204 1033 1246 ac
1053 1181 1154 1247 lemi-

78 1286 147 1352 lise
167 1283 296 1374 proprii
318 1298 424 1350 erant.
468 1284 524 1348 Ab
544 1282 697 1349 omnibus
720 1284 913 1348 colebantur
933 1281 1015 1357 Ζεὺς
1036 1282 1153 1367 ἕρκειος

81 1403 113 1453 et
130 1382 287 1451 Ἀπόλλων
309 1390 469 1471 πατρῷος,
503 1385 543 1450 de
565 1383 683 1470 quibus
704 1408 793 1469 nuuc
815 1382 949 1471 quidem
970 1383 1156 1452 accuratius

80 1489 253 1577 disputare
274 1486 363 1552 nihil
384 1487 513 1554 attinet.
560 1484 640 1553 Vid.
659 1485 808 1551 Platuer.
823 1485 977 1578 Symbol.
1001 1486 1041 1552 ad
1063 1486 1154 1552 LA.
1214 1548 1219 1557 .

78 1615 112 1680 p.
136 1590 191 1656 88.
213 1626 257 1640 ·-
278 1585 375 1654 Alios
397 1604 507 1653 autem
523 1586 620 1662 θεοὺς
640 1582 805 1674 πατρῴους
826 1611 902 1653 suos
924 1587 1041 1674 cuique
1063 1588 1157 1675 genti

78 1691 138 1760 vel
158 1688 306 1763 familiae
326 1689 478 1780 proprios
505 1689 609 1755 luisse
630 1689 687 1756 vel
708 1714 813 1755 unum
833 1687 1157 1785 Andocidislexem·
1211 1694 1213 1698 ’

76 1793 175 1882 plum
206 1791 433 1856 demonstrare
460 1806 576 1879 potest.
619 1789 728 1883 Hujus
758 1791 848 1856 enim
869 1789 1073 1857 Mercurium
1095 1816 1158 1856 nu·
1217 1848 1222 1859 ,
1273 1838 1279 1865 ·.

78 1897 184 1979 πρῷον
213 1891 316 1959 fuisse
350 1892 492 1979 legimus
527 1916 580 1982 ap.
611 1891 751 1984 Lysiam
768 1892 816 1983 ¹in
846 1893 977 1959 Andoc.
1009 1917 1043 1981 p.
1073 1894 1157 1979 207,

81 2000 258 2086 propterea
279 1993 367 2058 haud
391 1993 508 2078 dubie,
537 1994 624 2080 quod
645 1986 836 2060 Andocides
858 2019 876 2060 e
900 1991 1066 2086 cerycum
1089 2007 1159 2060 erat

81 2112 180 2182 gente
220 2094 364 2182 (Pseudo
395 2130 411 2147 ·
439 2095 529 2163 Plut.
568 2096 642 2164 vitt.
683 2095 721 2162 X
756 2110 853 2163 oratt.
876 2085 924 2185 p.
953 2092 1044 2179 834.)
1074 2118 1157 2182 quae

84 2196 253 2284 originem
284 2220 379 2262 suam
409 2196 616 2264 allercurio
639 2199 816 2287 repetebat.
861 2194 940 2263 Vid.
964 2196 1108 2271 Pansan.
1129 2195 1158 2263 Ι.

84 2299 142 2384 38,
162 2301 195 2365 3.
219 2298 345 2364 Pollux
355 2296 452 2381 Vlll,
472 2301 546 2366 103.
569 2299 734 2389 Harpocr.
746 2299 781 2364 in
799 2294 937 2384 κήρυκες.
955 2290 1014 2364 Cf.
1030 2298 1160 2388 Haupt·
1202 2288 1204 2294 ’

84 2422 200 2467 mann.
223 2397 409 2465 deAudoc.
432 2398 468 2464 iu
481 2399 599 2467 Reisk.
623 2400 668 2468 0.
693 2401 734 2469 6.
749 2399 844 2467 VHI.
866 2427 898 2489 p.
922 2400 997 2466 535.
1020 2399 1161 2467 Ruhnk.

84 2501 167 2571 hist.
190 2499 263 2569 crit.
288 2500 333 2567 0.
347 2499 388 2567 G.
411 2500 494 2568 ibid.
517 2527 549 2590 p.
573 2503 647 2569 133.
693 2499 830 2567 Sluiter.
848 2501 955 2567 Lectt.
970 2500 1161 2568 Andocidd.

86 2629 122 2695 p.
145 2605 180 2669 7.
202 2640 245 2651 -—
265 2601 318 2668 De
349 2599 487 2690 Isagora
508 2603 698 2670 Herodotus
720 2603 765 2687 V,
788 2605 831 2669 66
852 2601 1034 2668 memoriae
1058 2602 1164 2673 trudi·

87 2703 139 2769 dit
149 2714 165 2788 ,’
189 2703 354 2769 familiam
381 2704 450 2794 ejus
474 2703 553 2772 Jovi
583 2684 683 2773 (lario
711 2729 804 2776 sacra
833 2704 1013 2785 factitassc3
1044 2704 1163 2794 quippe

86 2798 248 2893 Isagofee
279 2803 422 2895 majores
447 2830 470 2872 c
493 2804 593 2872 Caria
621 2807 657 2872 in
676 2805 827 2873 Atticam
854 2800 1102 2901 migraverant,
1132 2820 1165 2871 et

88 2931 194 2996 quum
215 2905 251 2971 in
275 2906 443 2973 civitatem
464 2908 586 2997 recepti
608 2923 734 2992 essent,
763 2907 817 2972 dei
839 2920 949 2972 tamen
971 2905 1072 2995 patrii
1093 2903 1166 2974 cul-

89 3023 165 3076 tum
196 3008 403 3072 retinuerunt
434 3033 590 3096 sacraque
612 3011 650 3076 in
671 3009 741 3102 ejus
764 3008 928 3075 bonorem
949 3011 1164 3106 peragebant,

90 3132 178 3198 quae
210 3113 341 3194 πατρῷα
362 3110 442 3177 huic
463 3110 559 3201 stirpi
580 3112 682 3178 fuisse
704 3124 854 3201 apparet;
888 3111 1166 3197 quemadmodum

90 3210 181 3301 apud
202 3209 462 3303 Aristophanem
484 3212 521 3277 in
542 3213 673 3280 Avibus
694 3238 728 3281 v.
753 3211 838 3279 1534
857 3210 1070 3301 Execestides
1092 3212 1166 3298 qui·

91 3314 196 3396 dein,
226 3310 360 3378 natione
382 3314 598 3402 peregrinus,
633 3316 688 3380 scd
712 3314 815 3398 civis,
838 3329 875 3380 ut
896 3304 1049 3396 videlur,
1083 3337 1167 3396 παρ-

91 3415 285 3500 ίγγραπτος,
314 3412 473 3480 irridetur
504 3431 540 3480 ut
567 3417 624 3503 qui
653 3417 983 3503 πατρῷ3311353313
1007 3414 1166 3480 barbaria

93 3516 295 3598 advectum,
333 3517 511 3603 codemque
531 3518 631 3583 modo
654 3518 710 3604 qni
731 3516 877 3583 Athenis
898 3518 935 3582 iu
957 3515 1039 3583 alias
1061 3531 1167 3595 terras

92 3615 283 3685 habitatum
313 3619 554 3704 concedebant,
592 3615 756 3707 πατρῴους
788 3642 865 3684 suos
894 3618 1006 3683 securil
1027 3616 1168 3684 avehere

90 3716 258 3788 solebant.
312 3717 461 3810 Lycurg.
492 3719 530 3786 in
551 3709 703 3788 Leocrat.
733 3745 767 3810 p.
780 3710 902 3806 1551).
925 3754 968 3766 -
990 3715 1067 3784 Jam
1087 3740 1169 3785 vero
1244 3798 1247 3807 ἱ

98 3890 298 3905 Μ

130 3974 162 4044 ⁰)
180 3977 217 4028 ln
234 3972 408 4028 universum
425 3973 464 4028 de
480 3977 558 4032 θεοῖς
575 3977 606 4029 et
622 3976 702 4042 ἱεροῖς
718 3971 850 4041 πατρῴοις
868 3969 906 4024 cf.
927 3969 1018 4026 etiam
1035 3968 1170 4028 Lobeuk.

163 4057 367 4130 Aglaopham.
383 4059 407 4112 1.
426 4075 457 4128 p.
476 4060 537 4114 276.
555 4060 673 4113 771.11.
692 4075 724 4127 p.
744 4058 821 4111 1238.
841 4063 871 4112 et
886 4058 932 4111 De
949 4054 1046 4111 sacris
1062 4055 1168 4125 prive-

166 4141 206 4199 tis
224 4143 299 4200 diss.
317 4144 342 4196 1.
361 4158 394 4212 p.
412 4142 439 4198 6.
476 4145 659 4221 Qtramquam
676 4142 755 4210 quod
773 4140 802 4197 is
818 4138 996 4194 Minervam
1015 4137 1054 4194 ab
1072 4139 1172 4194 oscui-

168 4225 224 4284 bos
240 4233 273 4283 ut
282 4224 407 4298 πατρῴαν
422 4228 872 4287 cultemesseentumatvereor
886 4229 919 4280 ut
931 4221 1170 4297 proberipossit.
