2632 4800
288 248 686 325 DE‘DtcAEoeffltls
706 258 1029 331 HEREDITATE.
1134 260 1200 335 306

123 420 206 489 lieet
233 422 317 491 alibi
345 424 543 510 ἐξαιρεθῆναι
573 450 633 514 pro
662 425 821 502 ἐξελέσθαι
846 453 913 496 non
939 430 1112 511 inventum
1141 432 1198 501 sit.

124 521 240 590 Etiam
262 527 456 609 δαπανηθεὶς
483 528 519 615 6.
541 527 584 593 13
614 553 674 617 pro
697 525 882 612 δαπανήσας
903 546 958 597 aut
980 530 1200 618 δαπανησὰμε-

125 649 181 702 νος
200 663 245 675 -
266 651 345 693 nam
370 645 547 716 utrumque
573 629 684 694 locum
710 630 760 697 ihi
786 631 910 697 habere
931 646 1100 720 potest-
1120 660 1200 725 pro·

126 728 240 815 prium
272 742 320 795 est
340 729 452 814 Isaeo,
484 745 516 795 et
544 727 723 815 ἀπελογήθη
750 755 811 820 pro
842 732 1054 816 ἀπελογήσατο
1075 737 1200 804 habent

127 828 280 920 Antipho
311 858 346 919 p.
371 830 447 898 ott.
471 832 626 921 Xenoph.
648 832 784 901 Hellen.
806 833 916 918 11,·1,
939 835 991 918 13,
1022 852 1054 902 et
1074 837 1200 924 ἀπεκρί-

127 935 191 1015 θην
221 955 284 1021 pro
314 929 525 1018 ἀπεκρινάμην
547 959 649 1021 quum
676 935 760 1023 apud
783 936 948 1020 sequiores
970 938 1199 1023 frequentissi-

127 1052 220 1099 mum
251 1049 319 1116 est,
357 1050 428 1101 tum
454 1035 541 1124 apud
562 1037 718 1125 Xenoph.
741 1035 852 1101 Anah.
875 1033 923 1119 ll,
953 1034 984 1115 1,
1012 1041 1056 1105 22
1076 1040 1200 1128 legitur

127 1131 164 1201 in
183 1135 357 1203 nonnullis
383 1136 562 1203 codicibus.
606 1137 671 1205 His
692 1137 854 1205 addantur
880 1137 1114 1215 ἒκτοπιοθέντας
1144 1164 1199 1230 ap.

121 1232 229 1303 Isocr.
252 1237 293 1301 de
313 1253 457 1326 permut.
480 1260 513 1324 p.
536 1241 592 1319 97,
614 1240 635 1304 9
658 1239 787 1322 Orell.,
815 1239 901 1325 qnod
923 1240 959 1305 in
980 1242 1199 1324 ἐπισπασαμέ-

122 1362 199 1415 νοας
219 1339 414 1405 mutandum
436 1337 559 1406 Goraes
582 1339 709 1406 censuit
728 1378 783 1423 —,
805 1343 1092 1425 πρηγματευθέντες
1112 1342 1199 1432 apud

115 1436 287 1507 Herodot.
310 1440 358 1525 ll,
373 1443 427 1507 87.
451 1439 637 1527 ἐλοιδορήθη
653 1456 684 1506 et
699 1440 936 1526 λοιδορηθέντος
951 1468 1003 1531 ap.
1021 1443 1196 1511 Demosth.

115 1540 162 1609 in
181 1542 267 1609 Mid.
299 1563 332 1627 p.
355 1543 476 1627 558,6
507 1559 537 1608 et
567 1544 604 1608 in
626 1540 755 1609 Gonon.
784 1565 819 1628 p.
842 1544 938 1628 1257,
965 1548 1018 1611 23.
1048 1546 1200 1633 κατῳκτί-

111 1648 212 1726 σθην
235 1665 289 1730 ap.
312 1643 430 1729 Eurip.
454 1643 565 1730 Iphig.
588 1644 670 1711 ΑιιΙ.
691 1644 766 1711 686.
790 1640 972 1728 ὖποδεχθελς
991 1646 1037 1712 id.
1061 1647 1199 1714 Heraol.

113 1766 159 1813 τ.
181 1744 258 1812 757.
287 1746 440 1828 χρησθελς
462 1744 565 1831 Soph.
589 1745 710 1831 Antip.
737 1770 773 1818 v.
793 1745 849 1831 24,
871 1747 911 1812 de
933 1772 997 1834 quo
1024 1749 1098 1814 loco
1121 1771 1200 1835 pro-

115 1846 270 1913 'bandum
294 1862 372 1933 puto
391 1845 433 1913 F.
453 1846 492 1914 G.
516 1846 639 1913 Wexii
660 1847 832 1937 judicium.
855 1885 900 1898 -
921 1848 1004 1933 Sed,
1033 1864 1071 1915 ut
1090 1850 1201 1917 dicam

122 1950 213 2035 qnod
243 1947 373 2031 sentio,
401 1948 533 2015 videtur
563 1949 649 2015 mihi
679 1948 792 2016 lsaeus
821 1952 970 2018 consulto
992 1949 1201 2035 ἐξαιρεθέντες

126 2050 165 2115 de
187 2048 233 2115 iis
255 2049 402 2133 dixisse,
433 2050 491 2137 qui
516 2051 605 2140 passi
628 2066 754 2136 essent,
782 2066 821 2117 nt
841 2052 882 2118 de
903 2052 971 2119 suis
993 2054 1093 2119 rebus
1115 2055 1200 2120 alter

125 2150 252 2238 aliquid
274 2151 458 2239 exciperet,
480 2178 550 2219 non
571 2150 755 2236 ἐξελόμενοι,
784 2155 869 2242 quod
893 2155 933 2219 de
953 2155 996 2220 iis
1017 2155 1126 2243 potius
1148 2155 1200 2221 di·

128 2250 232 2335 ditur,
262 2253 319 2339 qui
333 2253 397 2342 ipsi
419 2254 484 2319 sibi
506 2255 630 2341 aliquid
647 2257 816 2344 excipiunt
823 2281 834 2337 ;
861 2256 1040 2341 eodemque
1055 2258 1201 2325 modoet

126 2354 354 2437 δαπανηθῆναί
372 2380 402 2418 τι
423 2356 463 2421 de
485 2380 537 2434 eo,
566 2357 623 2442 qui
644 2380 713 2422 non
733 2358 902 2423 voluntate
924 2381 1001 2441 sua,
1030 2358 1088 2423 sed
1109 2359 1146 2426 vi
1167 2372 1200 2425 et

125 2454 316 2522 necessitate
343 2474 474 2525 coactus
504 2473 652 2545 smnptus
673 2458 714 2523 de
735 2480 794 2524 suo
815 2472 973 2524 nontam
1001 2458 1080 2525 fecit
1099 2483 1200 2546 quam

124 2578 238 2643 passos
260 2572 320 2625 est.
995 2568 998 2575 '

210 2659 248 2749 §.
261 2661 316 2726 36.
338 2659 446 2744 ἔδομεν
462 2660 673 2728 scribendum
688 2660 802 2750 putavi
819 2688 894 2728 cum
904 2660 1021 2728 Beisk.
1035 2670 1068 2728 et
1082 2661 1196 2730 Bekk.

124 2780 184 2847 pro
201 2761 398 2846 παρέδομεν,
430 2764 514 2850 quod
536 2765 625 2830 unde
648 2779 758 2830 ortum
780 2766 841 2848 sit,
869 2763 998 2829 nemini
1019 2763 1198 2829 obscurum

125 2877 182 2931 ert.
246 2862 289 2929 Et
320 2881 409 2930 recte
436 2864 594 2931 Reiskius
625 2865 875 2949 animadvertit,
916 2864 1096 2930 sententiae
1131 2865 1198 2930 loci

121 2957 270 3052 simplex
296 2966 406 3055 potius
435 2990 535 3052 quam
562 2968 779 3055 compositum
800 2968 942 3034 verbum
969 2966 1197 3031 accommoda-

120 3077 195 3133 tum
226 3089 309 3132 esse.
354 3067 440 3133 Nam
471 3066 680 3152 παραδιδόναι
707 3068 793 3134 mihi
814 3069 843 3133 is
866 3068 998 3132 demum
1020 3079 1108 3132 reete
1130 3066 1198 3132 dici

89 3224 93 3229 .
113 3184 220 3251 posse
250 3167 400 3253 videtur,
432 3170 489 3256 qui
511 3170 597 3255 quod
619 3170 690 3259 ipse
712 3170 832 3253 habet,
862 3167 959 3233 alteri
980 3167 1100 3251 tradit,
1129 3191 1197 3234 non

111 3269 180 3358 qui
203 3269 367 3354 alterum,
395 3271 480 3357 qood
503 3272 532 3337 is
552 3271 621 3363 jam
641 3271 806 3359 possidet,
834 3271 975 3336 retinere
998 3268 1090 3335 sinit.

208 3367 383 3455 ἀφελέσθαι
404 3370 424 3434 ἃ
446 3362 532 3454 εἶχεν.
575 3371 663 3439 Nam
683 3372 714 3438 si
734 3396 863 3437 sommo
885 3370 958 3459 jure
980 3394 1078 3456 agere
1098 3372 1198 3438 volu·

106 3466 246 3554 issent,
283 3496 325 3536 ne
346 3472 431 3538 illud
454 3474 586 3560 quidem
608 3488 839 3543 testamentum
859 3472 1019 3539 valuisset
1025 3516 1038 3551 ,
1071 3495 1136 3558 quo
1156 3470 1197 3536 in

105 3572 256 3641 tertiam
274 3589 402 3661 partem
415 3577 580 3641 bonorum
597 3576 766 3663 adoptatus
783 3588 853 3639 eret
868 3574 1116 3659 Dicaeogenes,
1138 3572 1196 3638 sed

107 3689 227 3743 totam
257 3674 474 3742 hereditatem
501 3675 671 3742 sororibus
701 3676 845 3740 defuncti
876 3697 1052 3760 earumque
1078 3672 1196 3739 liberis

109 3775 210 3843 tradi
233 3777 442 3864 oportuisset.
487 3773 566 3843 Vid.
592 3778 629 3865 6.
654 3776 695 3843 111
717 3791 750 3843 et
770 3778 824 3843 16.

207 3875 245 3963 6.
267 3878 322 3943 31.
353 3880 476 3943 δίαιταν
497 3874 580 3960 ημᾶς
602 3873 804 3963 ἐπιτροπεύειν
824 3914 878 3938 -.
921 3875 1056 3940 Δίαιταν
1078 3874 1196 3960 ἐπιτρέ-

114 4002 189 4042 πειν
215 3978 331 4043 multis
359 3980 442 4045 locis
468 3980 610 4064 legitur,
648 3981 770 4042 διἀιταν
803 3972 1008 4061 ἐπιτροπεύειν
1030 3976 1094 4042 hoc
1114 4001 1195 4061 uno,

116 4076 189 4143 nisi
209 4102 271 4163 ego
287 4103 484 4169 magnopere
505 4082 618 4146 fallor.
662 4079 704 4145 Et
720 4077 860 4144 Reiskio
882 4101 1009 4164 quoque
1030 4077 1066 4142 in
1086 4077 1197 4143 indice

120 4176 211 4245 Itane
236 4181 466 4266 loquutionem
497 4194 682 4271 suspectam
702 4179 804 4248 fuisse
824 4180 935 4247 video.
976 4176 1198 4266 Ἐπιτροπεδειν

947 4278 991 4318 on
