2632 4800
728 117 734 129 ¹
763 130 772 163 a

103 298 105 306 '
187 288 253 357 274
293 339 296 344 -
548 289 597 356 ΙΝ
618 286 900 359 ORATIONEM

190 458 267 527 Non
287 471 398 525 autem
411 457 604 525 universam
622 459 788 526 bonorum
804 458 1041 543 substantiam,
1062 458 1119 524 sed
1139 444 1273 548 partem

189 560 418 626 tantummodo
435 558 607 627 Minervae
628 559 846 626 aNicostrato
868 575 1110 639 consecratam,
1138 560 1271 648 reliqua

190 661 256 727 sibi
277 662 386 747 legata
395 659 569 751 Pyrrhum
591 661 797 728 contendisse
820 663 938 745 credo;
966 685 1166 749 quamquam
1189 686 1272 729 con·

192 763 278 830 sulto
299 776 411 828 orator
437 762 484 828 ita
511 762 676 849 loquitur,
707 777 865 849 utquam
894 762 1132 830 absurdissima
1150 764 1271 830 'videa-

191 881 247 930 tur
276 863 346 954 ejus
372 863 499 954 petitio.
548 864 636 930 Nam
661 864 748 951 quod
770 864 959 931 Bunsenius
987 865 1029 930 de
1054 864 1121 954 jur.
1151 865 1269 932 hered.

191 990 224 1055 p.
247 967 290 1032 65
316 978 388 1032 not.
419 967 462 1032 39
487 964 661 1056 Pyrrhum
689 965 893 1034 sacerdotem
918 966 1021 1033 luisse
1049 966 1187 1051 statuit,
1215 966 1273 1032 cui

190 1067 312 1133 tradita
339 1066 382 1133 sit
411 1067 577 1133 bonorum
605 1082 872 1134 consecratorum
900 1064 1159 1150 administratio;
1196 1092 1271 1134 me·

191 1167 329 1234 minisse
351 1166 490 1234 debebat
510 1192 578 1233 non
597 1192 616 1235 a
633 1168 877 1250 sacerdotibus,
906 1171 964 1236 sed
979 1194 998 1236 a
1014 1170 1142 1252 ταμίαις
1150 1168 1271 1236 annuis

193 1270 332 1336 deorum
361 1270 517 1358 pecunias
546 1269 786 1336 administrari.
829 1269 910 1337 Vid.
929 1269 1080 1357 Boeckh.
1104 1271 1146 1336 de
1169 1274 1269 1336 oecos

190 1394 281 1438 nom.
304 1372 355 1437 rei
376 1373 469 1460 publ.
483 1372 567 1439 Aah.
580 1372 598 1437 l
611 1398 645 1461 p.
660 1373 723 1437 172
744 1395 816 1458 sqq.
861 1371 963 1461 Gorp.
980 1371 1120 1438 Inscr.l
1140 1396 1177 1460 p.
1191 1371 1268 1438 176.

276 1476 403 1556 Κτῆσις.
460 1472 553 1540 llaec
582 1472 733 1559 vulgaris
764 1469 873 1539 forma
908 1473 1011 1539 luisse
1040 1473 1175 1540 videtur
1206 1497 1267 1564 pro

190 1577 345 1657 Κτησίας,
371 1589 409 1639 ut
429 1576 520 1649 Νἴκις
539 1599 601 1664 pro
622 1575 753 1653 Νικίας,
781 1576 884 1650 Σῶσις
903 1599 965 1665 pro
979 1576 1129 1654 ’Σωσίαςς
1160 1584 1268 1662 neque

114 1675 117 1681 ’
142 1709 146 1715 ’
189 1677 358 1743 absimilia
377 1686 457 1743 suut
474 1678 621 1764 Σίβυρεις
648 1701 709 1765 pro
730 1673 910 1763 Σιβύρτιος,
937 1674 1085 1752 Διόνυσις
1104 1700 1165 1766 pro
1187 1679 1269 1741 Δισ-

57 1778 61 1783 ’
188 1778 312 1860 odoros,
341 1773 506 1863 Δήμητρις
524 1803 586 1867 pro
607 1775 807 1864 Δημήτριος,
834 1777 989 1853 “Eteoclea
1006 1802 1068 1868 pro
1084 1774 1265 1853 ‘maderen-

119 1888 128 1904 '
189 1878 268 1944 Vid.
291 1878 441 1945 Boecklr.
465 1879 567 1969 Gorp.
589 1880 743 1968 inscript.
765 1905 800 1968 p.
822 1882 899 1947 367.
928 1878 1104 1946 Welcker.
1128 1877 1266 1969 Syllog.

189 1980 295 2069 epigr.
317 2007 350 2069 p.
375 1983 427 2046 18.
451 1980 648 2049 Schneider.
671 1983 712 2046 ad
734 1981 892 2071 Xenoph.
916 1980 1026 2047 Anab.
1049 1978 1079 2064 l,
1100 1983 1134 2064 2,
1155 1982 1191 2046 9.

273 2078 479 2166 ἀπελεύθερον
499 2122 542 2135 -
562 2080 830 2167 προσεποιήσαντο
853 2080 945 2148 εἶναι.Ι
983 2082 1148 2148 Notabilis
1169 2083 1268 2149 locus

188 2184 245 2271 qni
267 2185 381 2250 do'ceat
401 2185 656 2269 libertinorum,
686 2184 717 2251 si
736 2176 897 2275 improles
919 2183 1154 2263 decessissent,
1178 2185 1269 2250 bona

26 2292 60 2371 s
188 2287 230 2350 ad
263 2305 438 2374 patronos,
477 2310 496 2352 a
529 2287 648 2374 quibus
682 2285 880 2353 manumissi
917 2300 1044 2370 essent,
1077 2285 1266 2352 devenisse.

84 2472 86 2475 Ι
188 2387 379 2454 Meminisse
398 2387 498 2478 hujus
525 2389 591 2454 loci
613 2389 812 2455 debebamus
833 2387 977 2454 Meierus
999 2400 1031 2453 et
1052 2411 1132 2474 ego,
1161 2389 1267 2474 qu'um

107 2500 110 2505 '
188 2489 228 2556 de
248 2504 464 2579 patronorum
490 2489 620 2578 juribus
650 2491 860 2577 loqueremur
881 2490 922 2555 de
942 2489 1015 2556 ord.
1037 2488 1108 2580 jud.
1129 2513 1164 2577 p.
1187 2487 1266 2555 474.

274 2597 309 2672 ᾧ.
333 2592 384 2657 10.
407 2590 444 2655 οὐ
465 2589 560 2671 μόνον
582 2591 676 2665 αὐτὸς
696 2630 740 2641 -
765 2589 948 2675 „Subaudi
969 2615 988 2656 e
1008 2589 1178 2679 prioribus
1201 2588 1268 2671 ἀμ-

188 2678 349 2780 φισβητῶν
371 2699 428 2757 τοῦ
448 2680 601 2777 ulripoof‘
643 2695 754 2758 Rea‘slc.
784 2692 896 2759 Potest
917 2717 995 2758 sane
1016 2693 1080 2757 hoc
1101 2691 1267 2781 suppleri,

187 2808 293 2882 potest
312 2789 563 2877 ἠμφισβήτησεν,
593 2810 699 2882 potest
720 2794 820 2859 etiam
842 2794 933 2858 omui
955 2796 1190 2882 supplemento,
1207 2817 1269 2859 su·

123 2975 129 2983 ,
186 2895 369 2983 persederi3
393 2895 449 2960 sed
472 2896 617 2960 arbitror
638 2912 747 2962 tamen
770 2895 895 2982 aliquid
918 2895 972 2961 hic
986 2895 1163 2964 excidisse..
1207 2894 1268 2962 Ex

187 2996 229 3060 iis
252 2996 358 3079 enim,
398 3020 480 3082 quae
502 3012 702 3083 sequuntur,
734 2995 783 3062 du
803 2998 873 3082 περὶ
904 3002 960 3061 τοῦ
987 2995 1093 3080 γένους
1113 2994 1267 3085 ἐλεγχθή-

187 3116 283 3176 cotto,
305 3112 439 3185 apparet
454 3099 602 3186 priorem
619 3101 705 3164 hanc
724 3097 901 3165 Chariadis
923 3096 1158 3183 ἀμφισβήτησιν
1179 3099 1267 3163 κατὰ

185 3199 271 3282 γένος
291 3199 411 3281 luisse,
439 3222 543 3286 neque
564 3201 697 3267 videtur
708 3202 773 3266 hoe
795 3201 836 3265 ab
859 3213 990 3266 oratore
1011 3200 1143 3264 silentio
1165 3225 1267 3289 prae-

186 3299 375 3366 termissum
404 3288 528 3385 fuisse,
557 3325 659 3387 quum
688 3318 873 3367 ceterorum
903 3300 1055 3367 omnium
1083 3301 1267 3389 petitiones

184 3426 250 3487 quo
271 3401 368 3466 titulo
389 3400 558 3468 institutae
579 3418 687 3469 essent
706 3416 1010 3485 commemorasset,
1039 3418 1073 3466 et
1093 3402 1176 3468 lauis
1196 3402 1266 3492 ipsi

186 3501 362 3568 Chariadis
389 3503 542 3592 petitioni
568 3518 680 3593 postea
708 3521 850 3594 opponat
873 3505 1016 3570 alteram
1045 3502 1126 3595 νατά
1160 3501 1265 3571 δόσιν.

74 3651 76 3655 -
184 3602 300 3690 ltaque
327 3603 459 3693 scripsit
487 3607 646 3672 fortassee
683 3603 722 3670 οὗ
750 3603 847 3688 μόνον
878 3604 974 3680 αὐτὸς
1002 3605 1153 3690 συγγενὴς
1183 3602 1264 3672 εἶναι

185 3703 331 3790 φάσκων,
353 3704 433 3769 ἀλλὰ
454 3711 507 3770 καὶ
527 3705 563 3772 τὸ
586 3707 620 3772 ἐκ
639 3711 695 3790 τῆς
715 3702 841 3795 ἑταίρας
860 3708 983 3772 παιδίον
1003 3709 1148 3772 εἷσιιοιῶν
1168 3700 1262 3792 ἦλθε.

184 3801 259 3870 Hoc
280 3821 391 3872 antem
411 3809 554 3873 εἰσποιῶν
575 3807 616 3874 de
637 3825 756 3874 conatu
777 3809 1005 3900 accipiendum
1027 3832 1098 3876 esse
1118 3833 1187 3876 non
1211 3823 1262 3875 est

185 3905 271 3990 quod
299 3928 465 3975 moneam.
526 3900 617 3976 Puer
643 3910 703 3976 ille
729 3925 842 3976 utrum
871 3909 1051 3977 Nicostrati
1084 3910 1189 3978 fuerit
1216 3934 1260 3976 an

186 4003 373 4090 Glrariadis‚
396 4009 541 4075 discerni
554 4034 622 4076 nou
636 4025 760 4100 potest3
781 4013 960 4102 peregrina
976 4026 1087 4078 autem
1100 4027 1260 4078 matre*

84 4114 86 4119 ’
185 4123 216 4170 et
243 4106 393 4173 solebant
423 4113 616 4198 plerumque
643 4113 838 4201 peregrinae
867 4114 1056 4179 meretrices
1078 4136 1149 4178 esse
1172 4111 1280 4196 (vid.-

62 4239 69 4253 ·
184 4206 330 4272 l'latner.
343 4206 496 4298 Symbol.
518 4237 552 4302 p.
571 4213 648 4298 11⁰)
666 4252 711 4264 —
731 4231 846 4280 natum
868 4239 938 4281 esse
957 4231 1094 4304 apparet
1115 4238 1160 4312 cu
1182 4213 1257 4279 liis:
