2632 4800
243 295 309 373 nu
328 293 587 371 Asamum
606 298 929 391 menonem.
1062 300 1130 374 ιοο

49 469 234 539 παιοῦπαιτ
262 465 319 534 aed
341 467 453 535 minuc
474 468 539 536 hoc
559 483 711 537 neumate
731 469 878 557 dictum,
908 484 943 540 et
962 470 1019 560 qni
1039 470 1130 539 inter

50 566 152 638 vivon
180 567 326 659 adoptati
357 582 474 650 eraut,
506 568 603 637 sicuti
634 595 694 662 per
725 571 955 661 διαμαρτυρίαν
984 573 1131 643 aliorum

51 670 246 746 ἐπιδικασίας
275 672 472 738 aubmcvere
498 685 650 760 poteraut
679 671 741 762 (cf.
770 695 919 762 prooem.
950 673 992 739 ad
1014 698 1064 744 cr.
1088 674 1138 741 de'
1196 712 1201 720 ·

51 770 198 839 Menacl.
220 771 310 860 her.)
336 771 383 838 ita
404 772 493 863 ipsos
515 773 587 840 aine
608 774 782 863 ἐπιδικασία
802 797 863 863 per
883 774 1049 858 ἐμβατείαν
1069 775 1131 842 he·
1197 844 1201 851 ,

51 872 210 940 reditatee
232 896 391 962 occupare
411 873 556 964 potuisse
578 873 720 942 ostendit
732 873 908 942 Demosth.
932 890 993 942 ctr.
1007 875 1131 944 Leoch.

52 998 90 1064 p.
115 974 213 1053 roffi,
236 974 306 1042 183Ι
332 976 385 1039 καί
414 973 609 1056 ἐνεβάτευσεν
636 973 735 1051 οὕτως
763 978 806 1053 είς
838 968 896 1060 τὴν
924 975 1033 1042 οὐσίαν
1039 1025 1049 1058 ,
1088 975 1133 1054 ὥς

52 1074 111 1145 du'
135 1074 250 1140 ἐκείνου
279 1078 393 1154 ζῶντος
418 1074 462 1141 ἐτι
483 1078 680 1161 εἰσποιηθείς.
701 1113 746 1129 ·-
766 1076 842 1145 Huc
863 1077 968 1164 igitur
989 1076 1134 1166 pertinet

53 1176 156 1247 etiam
179 1177 264 1265 quod
287 1176 436 1265 seqnitur
455 1179 528 1262 πρίν
548 1203 579 1243 τι
598 1176 682 1260 δμᾶς
701 1178 931 1264 ψηφίσασθαιε
971 1192 1021 1244 eet
1042 1178 1135 1249 enim
1190 1242 1193 1247 ,

50 1277 148 1348 idem
174 1301 213 1344 ac
238 1278 429 1345 addixisset
455 1278 512 1344 οὐκ
540 1275 795 1364 ἐπιδικασάμενος
821 1279 903 1366 παρ’
935 1277 1032 1365 ipre,
1067 1304 1134 1367 qno

54 1400 159 1452 uentu
179 1379 302 1447 dicitur
323 1380 422 1447 etiam
450 1380 511 1465 πρὸ
542 1382 629 1465 δίκης
650 1383 690 1447 de
711 1383 902 1450 Aristarch.
925 1383 998 1450 her.
1020 1387 1056 1462 9.
1077 1379 1133 1448 24.

144 1481 183 1570 §0
204 1481 237 1550 4.
269 1480 373 1567 ἐπειδὴ
405 1479 437 1546 δ’
467 1482 621 1567 ἐκομίσθη
652 1482 693 1549 τά
715 1481 803 1553 dccci.
846 1483 995 1569 Peregre
1015 1483 1136 1551 defun-

54 1597 189 1651 ctorum
217 1607 290 1651 uasa
318 1608 356 1650 ac
377 1583 504 1651 cinerea
532 1584 570 1651 in
590 1572 734 1674 patriam
755 1585 876 1652 referri
898 1585 1013 1651 solitos
1034 1608 1136 1674 cupra

55 1685 207 1753 diximus
228 1687 269 1753 ad
292 1709 343 1755 ur.
362 1685 403 1752 de
415 1685 559 1757 Nicostr.
581 1685 655 1753 her.
679 1686 716 1775 ᾖ.
731 1688 787 1772 26,
809 1700 988 1772 notumque
1010 1699 1061 1751 eat
1079 1688 1137 1753 vel

55 1810 104 1855 ex
123 1787 185 1871 iia,
215 1812 297 1875 quae
325 1787 366 1854 de
387 1787 520 1878 publico
550 1787 698 1855 militum
724 1787 842 1854 funere
870 1788 1029 1877 leguntur
1048 1784 1137 1876 apud

56 1886 298 1981 Thucydidem
317 1888 355 1957 ll
383 1914 413 1956 c.
435 1888 490 1957 34.
511 1889 602 1960 Add.
629 1888 855 1957 Kirchmann.
879 1890 920 1957 de
948 1888 1045 1956 sunu.
1068 1885 1136 1977 III,

55 1994 94 2063 7.
140 1990 270 2074 Quodsi
291 1990 364 2079 quis
386 1990 424 2056 in
445 1990 570 2059 vicinia
591 1990 717 2081 patriae
744 1990 900 2075 obiisset,
929 1990 1034 2057 etiam
1050 1989 1138 2056 inte·

59 2114 159 2179 grum
174 2116 294 2181 cerpus
307 2116 345 2159 eo
361 2092 525 2183 reportari
539 2094 683 2176 solebat3
705 2115 771 2180 quo
781 2093 927 2184 pertinet
937 2115 990 2184 ap.
1003 2089 1137 2161 Platon.

59 2194 204 2264 Theaet.
227 2196 301 2262 init.
318 2194 515 2286 Terpsionis
535 2194 772 2283 interrogatio,
805 2192 862 2284 qni
884 2218 985 2282 quum
1004 2193 1139 2260 Theae-

59 2310 167 2363 tetnm
195 2294 360 2364 Corintho
398 2299 439 2363 ab
475 2295 625 2363 exercitu
654 2295 805 2364 Athenae
842 2297 985 2362 relatum
1013 2294 1140 2380 audiat,

60 2410 272 2482 mmuumne,
300 2397 427 2486 inquit,
456 2422 499 2464 αα
518 2397 643 2463 vicum?
669 2435 714 2451 ν-
743 2395 797 2462 De
818 2396 966 2483 προθέσει
986 2398 1074 2465 cons.
1098 2396 1140 2463 ad

61 2522 115 2569 ur.
137 2499 178 2566 de
197 2500 338 2566 Menecl.
362 2500 435 2566 her.
459 2498 496 2587 §.
513 2503 568 2566 37.
590 2497 817 2566 Kirchmaun.
840 2496 870 2580 l,
894 2498 948 2585 12,
971 2497 1064 2563 etde
1086 2521 1141 2564 re·
1266 2526 1270 2533 ·

22 2604 28 2611 '
59 2600 164 2689 liquit
185 2601 395 2685 ναμιζομένοις
415 2601 456 2668 ad
480 2601 576 2668 eund.
595 2623 645 2667 nr.
663 2599 711 2667 ib.
734 2614 766 2664 et
787 2598 826 2687 ξ.
839 2598 894 2665 46.
917 2635 961 2648 -
983 2597 1141 2666 Ceterum

62 2717 201 2793 apparet
221 2703 389 2792 privatum
409 2701 585 2794 Astyphili
606 2703 723 2786 sunna,
746 2724 815 2766 uon
836 2699 1006 2789 publicum
1025 2699 1142 2787 fnisse,

61 2804 144 2873 licet
163 2805 313 2871 militans
335 2805 468 2872 obierit.
512 2803 622 2893 Igitur
643 2817 700 2870 eut
720 2824 790 2868 non
809 2800 846 2867 in
862 2800 991 2891 proelio
1011 2799 1142 2881 cecidit,

63 2920 212 2974 autnon
235 2929 350 2974 omnee
365 2929 515 2996 semper,
546 2904 604 2994 qui
621 2903 669 2971 ita
686 2902 897 2988 cecidissent,
923 2900 1056 2993 publice
1077 2901 1143 2968 uti-

63 3030 129 3097 que
151 3007 288 3098 sepeliri
310 3010 492 3097 oportebat.

152 3108 200 3174 du
221 3106 387 3189 ἀσπάζοιτο
410 3107 506 3175 adria
522 3104 716 3194 Ἀστάφιλος.
756 3103 925 3172 Nimirum
941 3101 1006 3169 ἐστι
1024 3127 1074 3181 τις
1093 3101 1146 3169 αἶ’-

64 3215 184 3294 σθησις
212 3219 278 3286 τοΐς
306 3210 369 3275 ἐκεῖ
391 3212 459 3296 περί
486 3215 556 3276 τῶν.
575 3207 688 3275 ἐνθάδε
716 3205 883 3293 γινομένων
914 3203 1078 3298 (Lycurg.
1106 3206 1146 3273 in

62 3312 185 3380 Leccr.
209 3336 241 3380 c.
264 3311 319 3379 35.
343 3311 386 3379 cf.
404 3310 517 3384 Wolf.
539 3312 580 3379 ad
601 3310 779 3377 Demostb.
801 3306 935 3398 Leptin.
956 3333 990 3398 p.
1012 3309 1091 3394 305)
1113 3322 1147 3375 et

65 3413 167 3481 durat
189 3413 289 3479 etiam
310 3413 347 3479 in
368 3414 522 3481 manibus
539 3413 663 3480 amoris
685 3410 818 3497 odiique
839 3432 973 3493 senens,
1003 3422 1041 3474 ut
1061 3409 1147 3476 alio·

67 3538 149 3583 rum
171 3514 264 3583 aditu
285 3514 326 3581 ad
347 3516 536 3604 sepulcrum
549 3540 646 3583 auum
662 3512 845 3598 oblatisque
858 3509 1042 3577 honoribus
1064 3534 1148 3599 gau-

69 3617 192 3700 deant,
225 3615 309 3683 alics
330 3638 373 3680 ne
395 3617 549 3686 accedere
572 3617 705 3705 quidem
727 3639 765 3682 en
786 3612 905 3681 velint.
947 3610 1024 3677 Huc
1044 3612 1150 3701 perti·

67 3731 130 3787 net
150 3717 236 3805 qued
260 3716 402 3806 legimus
425 3718 462 3807 §.
486 3721 545 3788 192
572 3715 775 3806 Εὐθυκράτης
796 3713 950 3796 ἐπέσκηψε
971 3721 1036 3789 τοῖς
1057 3713 1149 3778 οίκεί-

68 3842 119 3895 οις
139 3817 260 3903 μηδένα
282 3819 357 3885 ποτέ
378 3817 477 3885 ἐάσειν
498 3823 601 3886 ἐλθεῖν
622 3825 685 3886 τῶν
710 3816 891 3883 Θονδίιιποο
913 3813 962 3877 ἐπί
982 3812 1018 3879 τὸ
1038 3820 1149 3898 μνῆμα

36 3934 41 3940 ’
69 3919 109 3987 ed
132 3917 265 4000 ἑαυτοῦ,
305 3920 490 4011 cujusmodi
511 3920 689 4006 ἐπισκήψεις
716 3942 784 3985 non
804 3938 928 4004 paucae
950 3930 1065 3981 extant
1086 3916 1150 3983 ho·

74 4021 195 4109 dieque
216 4021 320 4110 cippis
340 4021 531 4114 inscriptae.
575 4020 674 4091 cons.
692 4016 868 4090 Petrettini
888 4015 1005 4109 Papiri
1022 4016 1151 4105 Grego-

72 4121 175 4213 Egdzi
196 4145 230 4210 p·
253 4125 307 4190 12·

156 4224 232 4302 τοδς
252 4222 439 4310 ἐπιτηδείονς
458 4265 502 4282 -·
521 4230 585 4295 τάν
615 4220 788 4313 παρόντων.
820 4218 894 4293 Ἠ.
916 4244 945 4290 ε.
967 4241 1014 4286 ατ
1040 4221 1080 4291 iia
1097 4227 1154 4314 prn'
