2632 4800
245 353 310 422 nn
330 352 645 423 monuocnms
666 324 985 427 nunnm'rnru.
1088 364 1152 430 eor

50 534 153 602 port
183 519 284 613 hujus
313 536 456 589 mortem
485 520 594 590 divise
630 522 719 590 inter
752 523 860 591 lilium
893 524 1085 617 adoptivum
1119 544 1152 593 et

60 634 233 703 quattuor
260 647 392 691 sorores
423 624 569 691 defuncti
591 624 687 693 ‚bone
707 648 768 714 per
789 624 962 692 duodecim
982 648 1088 711 aunon
1108 630 1150 703 ab

63 714 133 790 his
153 712 304 815 porsessa
326 739 450 810 essent,
483 726 639 815 posthoc
660 736 788 816 tempus
809 741 912 793 totam
927 726 1150 797 'hereditatem

73 825 167 893 eolus
188 827 280 917 cepit.
293 826 522 914 Dicaeogenes
542 827 605 907 Ill,
632 827 838 917 posseditque
859 849 919 915 per
939 826 1149 911 decennium,

28 982 33 997 .
79 919 195 994 donec·
209 928 342 995 tandem
370 953 569 997 asotorum
596 928 733 996 illarum
760 927 840 995 liliis
866 927 901 994 in
930 927 983 1017 juo
1012 945 1148 998 vocatus

85 1028 140 1094 e'u.
180 1029 296 1117 ltaque
324 1029 414 1097 siin
436 1031 543 1099 nobili
564 1032 624 1098 illa
646 1031 687 1098 ad
710 1028 856 1097 Onidum
876 1052 989 1118 pugna
1010 1029 1070 1098 Ol·
1092 1024 1147 1117 96,
1235 1092 1237 1097 .

87 1126 168 1209 ³2⁸·
183 1128 222 1197 O.
245 1130 311 1199 394
330 1131 557 1221 Dicaeogenes
578 1132 614 1199 ll
634 1146 783 1199 mortuus
805 1143 866 1215 eet,
892 1130 979 1197 bano
998 1129 1148 1199 nostiam
1270 1162 1273 1167 ·

91 1248 209 1297 caueam
229 1255 297 1298 non
319 1235 379 1300 01.
402 1236 445 1301 99
466 1235 521 1301 sed
545 1233 676 1301 circiter
697 1235 755 1300 Ol.
779 1234 843 1299 102
862 1231 1015 1318 incunte,
1048 1255 1081 1302 e.
1104 1229 1145 1299 O.
1258 1232 1263 1265 ¹
1296 1266 1299 1273 ·

92 1327 144 1395 372
168 1347 275 1400 actam
304 1359 374 1402 esee
402 1335 583 1426 oportebit,
617 1351 741 1426 septem
770 1349 844 1423 poet
869 1334 1001 1401 linitum
1020 1332 1147 1401 bellum

93 1426 281 1523 Olynthium
308 1436 416 1502 annis.
468 1430 593 1503 Contra
620 1436 758 1503 sirecte
780 1458 825 1503 ex
853 1436 889 1523 ᾗ.
905 1433 955 1502 ’46
976 1434 1147 1521 colligitur

92 1526 201 1602 bellum
223 1537 444 1629 Olynthium,
477 1563 579 1626 quum
600 1538 682 1605 bueo
704 1538 809 1605 oratio
830 1538 1024 1621 haberetur,
1060 1558 1145 1602 non·

93 1629 158 1701 dum
187 1638 320 1705 linitum
346 1639 467 1725 fuisse,
495 1640 757 1729 Dicaeogenem,
786 1638 844 1726 qui
868 1638 991 1726 viginti
1017 1636 1144 1704 duobus

92 1732 253 1807 minimum
283 1740 381 1807 annis
408 1756 488 1808 ante
511 1741 651 1826 obierit,
687 1756 856 1808 mortuum
883 1764 954 1807 esse
981 1738 1145 1828 oportebit
1244 1746 1249 1765 ·’
1277 1826 1280 1833 Ι

92 1828 164 1905 inter
190 1864 221 1909 a.
241 1840 308 1908 494
335 1857 366 1908 et
385 1841 466 1921 491,
508 1845 621 1910 decem
648 1859 705 1908 aut
734 1858 860 1932 reptem
892 1854 968 1910 unte
996 1864 1144 1931 pugnam

30 2010 33 2017 ,
93 1928 230 2008 Ouidium
261 1943 370 2010 annis.
420 1945 535 2032 Itaque
563 1961 620 2010 aut
645 1944 730 2011 illud
756 1944 880 2013 falsum
906 1966 976 2010 ease
996 1957 1142 2033 apparet,

90 2042 161 2117 quod
184 2044 221 2131 ᾧ.
241 2048 263 2110 7
284 2045 407 2112 nobilis
428 2047 487 2113 illa
501 2045 618 2112 Cnidia
640 2070 751 2137 pugna
773 2046 853 2113 anni
871 2043 948 2130 394,
969 2061 1026 2114 eut
1038 2042 1142 2124 illud,
1216 2116 1219 2121 ,

88 2143 160 2218 laod
193 2146 229 2233 ᾗ.
252 2145 296 2214 46
326 2148 453 2216 bellum
481 2147 685 2239 Olynthium
713 2172 744 2215 a.
767 2150 833 2215 382
851 2184 895 2197 -
922 2147 986 2212 379
1013 2160 1164 2234 gestum¹

26 2316 38 2335 Ι
80 2234 255 2329 fignificat-1·
282 2249 441 2322 creditur.
489 2248 560 2337 Ego
592 2273 674 2317 vero
703 2264 879 2337 utrumque
909 2249 1032 2314 {aluum
1058 2270 1141 2333 esse,
1231 2264 1233 2269 '

75 2328 163 2415 ¹10⁰.
185 2373 289 2435 neque
310 2350 421 2439 priore
442 2352 515 2417 loco
541 2350 637 2419 illam
661 2341 1007 2441 Ouidiam'puguam,
1032 2371 1142 2435 ‚neque

10 2464 13 2477 '
67 2440 178 2515 alteia
210 2451 414 2543 Olynthium
452 2454 577 2518 bellum
615 2452 784 2538 designari
813 2454 953 2518 affirmo.
1007 2448 1141 2516 Etenim

58 2549 301 2619 Poisidebutur
320 2577 340 2618 a
361 2548 572 2641 Dicaeogene
592 2552 646 2619 ΙΙΙ
666 2567 734 2620 tota
753 2552 856 2642 patris
876 2550 1025 2641 adoptivi
1043 2549 1141 2616 here·

55 2633 160 2718 ditae
179 2654 240 2720 illo
261 2653 334 2745 ipso
354 2655 511 2745 temporis
531 2654 657 2744 spatio,
693 2677 757 2741 quo
778 2653 905 2719 bellum
927 2650 1141 2719 Corinthium

49 2758 302 2839 gestamen,
338 2757 373 2822 h.
398 2781 427 2822 e.
455 2756 543 2822 inter
571 2780 648 2822 ann.
671 2755 736 2822 395
755 2792 799 2804 —
819 2755 894 2823 387.
936 2750 976 2820 Id
998 2750 1140 2818 manife-

45 2843 161 2921 &ium
180 2856 218 2923 fic
237 2857 383 2947 primum
406 2858 442 2944 ς.
465 2861 520 2942 37,
537 2857 600 2923 ,1ώί
622 2857 842 2946 exprobratur
860 2855 913 2922 illi
923 2901 934 2940 ,
964 2852 1052 2941 quod
1069 2865 1140 2919 tam

47 2954 184 3044 opima
211 2959 393 3024 hereditate
418 2959 540 3049 potitus
567 2959 657 3025 nihil
686 2974 799 3025 tamen
833 2957 873 3024 in
903 2955 955 3023 rei
987 2952 1139 3046 publicae

43 3052 180 3124 llsum‘
191 3082 329 3146 erogare
341 3061 533 3128 sustinuerit
543 3076 772 3151 praeterquam
793 3060 895 3126 semel
914 3073 989 3148 post
1008 3071 1140 3147 captum
1197 3091 1199 3095 π

47 3138 261 3227 Εσσὴσσωη
283 3162 318 3227 h.
343 3186 372 3228 e.
396 3186 428 3230 a.
449 3165 529 3246 3933
567 3162 644 3227 dein
665 3164 702 3251 ᾗ
725 3163 779 3246 11,
800 3161 858 3228 ubi
880 3156 1139 3249 Oephieodomm

50 3262 222 3327 heterna
249 3261 440 3330 hereditatis
466 3262 617 3353 portione
642 3263 819 3354 spoliatum
838 3285 900 3352 pro
926 3263 1042 3329 calone
1062 3281 1139 3326 cum

54 3353 177 3429 fratre
204 3386 264 3429 suo
285 3362 471 3431 Harmodio
493 3363 692 3431 Corinthum
721 3365 762 3430 ad
794 3362 979 3431 exercitum
996 3359 1137 3428 miserit.

56 3442 181 3547 Igitur
191 3463 320 3531 etiamsi
328 3467 445 3533 eodem
456 3466 588 3532 demum
600 3489 700 3552 enno,
717 3490 781 3553 quo
794 3474 925 3555 captum
935 3461 1140 3531 estLecbae·

47 3576 151 3647 mm,
183 3562 388 3654 Dicaeogeni
408 3582 510 3634 totam
532 3568 749 3635 hereditatem
773 3565 993 3655 adjudicatam
1015 3585 1139 3647 sumas,

69 3662 228 3733 decennii
239 3683 350 3735 tamen
366 3669 479 3754 illius,
510 3694 574 3756 quo
586 3669 747 3758 possedit,
769 3682 936 3738 extremus
953 3688 1059 3731 annus
1076 3663 1140 3730 erit

70 3764 149 3853 384,
173 3767 776 3862 biennioantebelliOlynthiifiuem3
799 3762 1140 3855 Dicaeogeneullau-

70 3880 140 3935 tem
154 3870 346 3938 occubuisse
364 3871 520 3938 dicendus
534 3871 597 3937 erit
615 3871 694 3940 circ.
712 3873 793 3954 405,
813 3868 968 3936 undecim
985 3880 1061 3934 ante
1077 3890 1140 3956 pu·

73 3992 175 4055 gnam
189 3970 344 4039 Cnidiam
365 3975 472 4040 annis.
493 4011 537 4024 ·-
557 3971 633 4042 Jam
653 3997 735 4049 uero
755 3969 915 4061 accepisse
924 3966 1141 4035 hereditatem

72 4070 370 4158 Dicaeogenesdll
393 4076 513 4141 dicitur
534 4070 771 4157 δυστυχησάσης
790 4078 845 4156 τῆς
864 4069 981 4144 πόλεως
1000 4071 1051 4133 καὶ
1064 4065 1140 4134 oroi·

72 4195 151 4251 σεως
162 4175 323 4258 γενομένης
333 4175 478 4261 aalydem,
501 4184 535 4258 ς.
545 4180 578 4261 7,
592 4178 688 4263 quale
703 4189 830 4263 tempuo
842 4173 929 4239 intra
944 4172 1055 4237 decem
1065 4186 1141 4237 ante

72 4262 205 4365 captum
234 4275 422 4344 Lechaeum
448 4301 551 4344 annou
573 4301 642 4345 non
668 4275 758 4344 aliud
780 4272 927 4345 inveniri
946 4294 1042 4364 poree
1062 4287 1141 4362 puto

864 4376 906 4408 ΔΛ
927 4380 943 4408 tt
