2632 4800
283 270 348 351 nn
369 279 556 352 cnsoms
577 254 902 355 nnunnrrsrn.
1076 284 1200 363 aaa·

59 447 206 539 intelligi
226 475 342 543 posset
375 452 549 542 nepotibus
581 451 671 521 enim
698 453 772 538 avi,
806 459 875 521 no'n
896 455 1040 522 fratrum
1060 452 1141 519 filiis

58 553 171 643 patrui
192 554 303 619 alendi
326 554 471 620 officium
491 553 631 643 imponi.
654 592 697 604 —
720 554 875 622 Ceterum
897 580 1030 622 omnem
1052 555 1141 621 hanc

56 655 323 723 controversiam
344 651 476 722 Dioclis
506 654 664 721 instinctu
691 672 816 725 motem
849 683 1011 725 essenon
1038 657 1142 724 aliam
1188 739 1190 744 ,

58 759 103 825 ob
127 781 277 842 cansam,
306 783 405 851 quam
426 773 463 823 ut
483 757 539 822 hic
563 756 696 825 Dinonis
718 760 834 843 bonis,
867 784 1008 846 quorum
1029 759 1142 825 maxi·
1212 788 1215 797 ·

55 883 150 927 mam
165 876 293 949 partem
309 860 377 950 jam
395 874 469 926 ante
484 859 659 943 averterit,
681 885 771 926 nunc
788 860 955 929 universis
967 861 1141 951 potiretur,

56 961 185 1049 exigue
201 961 311 1048 aliqua
324 962 707 1051 particula'adversario,
729 963 842 1029 fratris
855 964 943 1043 filio,
966 954 1139 1035 concessa:
1220 1035 1228 1045 ,,

55 1086 141 1130 nam
161 1088 205 1129 ne
225 1065 383 1131 adversus
399 1065 487 1128 hunc
510 1062 641 1149 quidem
659 1079 819 1149 quantum
835 1064 988 1131 relictum
1002 1052 1046 1131 sit
1059 1063 1142 1154 pro·

55 1164 151 1233 litari
171 1162 343 1250 Dioclem,
375 1165 431 1232 sed
460 1165 548 1230 nihil
578 1164 931 1232 admodumrelictum
954 1189 1142 1234 sesemen·

56 1266 140 1348 tiri,
161 1267 247 1333 sicut
267 1267 368 1334 etiam
389 1269 546 1334 adversus
567 1290 601 1332 se
624 1281 719 1333 antea
741 1268 897 1334 mentitus
919 1268 981 1349 sit,
1008 1255 1149 1357 propte?

57 1392 185 1456 resque
210 1385 358 1459 sumptus
380 1369 417 1434 in
438 1370 537 1435 {unns
559 1370 691 1453 factos,¹
716 1369 811 1456 quasi
833 1370 872 1434 de
895 1393 955 1435 sno
978 1385 1141 1458 erogatos,
1193 1367 1203 1383 ²

58 1472 158 1539 reddi
171 1471 237 1538 sibi
252 1469 486 1560 postulaverit,
517 1494 555 1536 ac
572 1476 686 1558 postea
703 1472 744 1535 ab
766 1470 827 1536 illo
850 1472 955 1538 altero
977 1471 1042 1538 sibi
1063 1471 1142 1551 red·

61 1574 150 1640 ditos
178 1598 248 1640 esse
274 1571 503 1656 simulaverit,
542 1596 606 1659 quo
635 1573 838 1656 scilicetne,
871 1589 1047 1661 nepotem,
1080 1597 1142 1639 ex·

51 1676 228 1759 -eluderet,
258 1700 299 1740 ne
315 1674 485 1742 videretur
505 1673 541 1740 in
564 1673 620 1741 avi
641 1676 845 1763 sepulturam
863 1676 1043 1762 quidquam
1060 1699 1142 1741 con·

61 1777 191 1844 tulisse.
236 1774 280 1844 Se
297 1792 407 1843 tamen
430 1774 567 1864 impiam
588 1773 681 1842 illins
697 1775 861 1843 malitiam
883 1777 1037 1862 elusisse,
1066 1801 1141 1844 mo·

60 1892 223 1971 numento
255 1878 334 1945 satis
362 1878 533 1967 splendido
561 1876 597 1943 in
624 1880 750 1945 tumulo
777 1878 833 1947 avi
864 1879 933 1945 suis
955 1878 1141 1969 sumptibus

11 2024 15 2031 ·
60 1981 183 2073 posito.
212 2020 255 2031 —
281 1980 392 2067 Neque
419 2005 500 2048 vero
537 1980 661 2049 mirum
700 2005 771 2048 esse
800 1995 868 2046 tam
895 1981 1019 2072 injusta
1044 1996 1142 2068 atque

61 2083 193 2151 nefaria
209 2082 365 2149 Dioclem
378 2082 509 2167 conari,
537 2082 656 2173 quippe
678 2083 735 2171 qui
755 2108 929 2173 peremne
946 2083 1034 2151 vitae
1058 2099 1142 2149 tem·

61 2208 125 2276 pus
148 2184 240 2260 omni
261 2185 444 2272 nequitiae,
475 2184 689 2275 turpitudinis
718 2200 750 2250 et
770 2180 998 2274 impudicitiae
1020 2209 1142 2272 genere
1210 2188 1213 2195 '

33 2342 36 2349 r
61 2286 256 2374 inquinatus
283 2287 346 2369 sit3
380 2311 444 2373 quo
472 2288 583 2352 minus
615 2289 715 2352 etiam
741 2285 909 2376 judicibus
931 2287 1142 2354 committeu-

64 2390 146 2455 dum
177 2413 264 2471 esse,
295 2403 332 2453 ut
359 2391 459 2454 talem
487 2388 659 2454 hominem
681 2387 800 2454 alienis
828 2390 924 2454 bonis
946 2403 1061 2455 contra
1088 2388 1142 2480 jus

60 2492 178 2577 fasque
199 2490 318 2579 potiri,
350 2514 384 2557 se
413 2503 522 2555 eutem
543 2513 611 2555 non
638 2488 820 2555 hereditate
842 2493 951 2556 solum
973 2489 1062 2557 auita
1084 2491 1141 2557 sed
1176 2530 1179 2535 ·

62 2592 168 2660 etiam
189 2592 322 2659 civitate
353 2590 490 2681 spoliari
521 2605 724 2680 paterentur.
767 2589 855 2658 Nam
877 2615 979 2677 quum
1000 2607 1142 2659 matrem

59 2717 161 2762 suam
182 2717 250 2760 non
277 2694 377 2759 modo
399 2691 532 2760 Gitonis
559 2691 682 2774 filiam,
714 2692 770 2757 sed
803 2692 902 2758 etiam
922 2692 1030 2758 civem
1051 2693 1143 2759 Atti·

59 2819 141 2863 cam
160 2794 262 2861 fnisse
284 2794 469 2863 adversarii
489 2808 627 2879 negent,
660 2791 713 2858 his
742 2792 772 2860 si
792 2793 872 2859 fides
893 2795 1071 2877 habeatur,
1106 2819 1142 2861 se

60 2919 216 2987 qnoque,
246 2897 365 2986 quippe
387 2897 444 2984 qui
464 2912 538 2986 post
558 2894 732 2962 Euclidem
754 2896 944 2963 archontem
968 2910 1064 2963 natus
1086 2896 1142 2983 sit,

10 3002 14 3013 “
58 3022 127 3092 pro
149 2999 222 3065 cive
244 2999 360 3064 haberi
380 3023 449 3065 non
464 2997 606 3088 amplius
627 3020 735 3084 posse.

152 3098 282 3169 Iustam
304 3100 405 3166 fuisse
427 3101 547 3166 actoris
568 3099 675 3166 nostri
696 3098 888 3189 petitionem
901 3098 986 3166 -si
1008 3099 1145 3187 quidem'

36 3224 146 3273 ¹'vere
176 3200 308 3281 Giropis
338 3226 382 3267 ex
406 3201 556 3287 legitima
583 3201 654 3267 lilia
681 3224 782 3288 nepos
809 3200 873 3265 fuit
893 3240 938 3252 —
958 3226 1028 3268 non
1059 3226 1142 3290 opus

63 3317 118 3371 est
138 3304 253 3370 multis
274 3304 520 3388 demonstrare,
552 3303 630 3369 licet
652 3327 745 3370 secus
766 3302 876 3370 visum
899 3303 944 3369 sit
966 3304 1142 3371 Gramma·

63 3405 153 3488 tino,
189 3405 246 3492 qui
268 3419 500 3491 argumentum
526 3405 686 3472 orationis
708 3404 872 3491 exposuit.
919 3403 1029 3489 Quam
1052 3405 1142 3473 enim

64 3505 100 3577 is
123 3508 221 3571 affert
246 3507 374 3592 legem,
407 3531 489 3593 quae
520 3507 632 3598 jubeat
662 3512 880 3593 προτιμᾶσθαι
901 3504 975 3581 τούς
996 3504 1057 3571 ἀπὸ
1079 3512 1142 3571 τῶν

67 3605 208 3695 oidolonis
230 3613 292 3672 τῶν
315 3605 375 3672 ἀπὸ
397 3614 461 3673 τῶν
482 3613 634 3692 θηλειῶν,
656 3610 743 3674 hanc
763 3632 832 3674 non
854 3607 921 3673 nisi
942 3607 983 3672 ad
1006 3606 1143 3688 ἀνεψιῶν

67 3725 102 3775 et
129 3707 308 3789 ἀνεψιαδῶν
335 3711 533 3776 hereditates
561 3710 727 3798 pertinere
754 3711 834 3775 satis
863 3723 999 3776 constat.
1043 3707 1142 3778 Conf.

68 3834 120 3879 er·
145 3811 185 3875 de
197 3811 357 3898 Apollod.
379 3812 453 3878 her.
477 3811 514 3900 ᾖ.
527 3816 582 3880 20.
625 3811 767 3899 Nepotes
789 3826 899 3876 autem
921 3835 965 3875 ex
984 3809 1055 3877 filia
1075 3830 1145 3880 non

66 3911 180 3978 minus
203 3936 301 3998 qnam
330 3937 374 3979 ex
393 3917 464 3980 filio
491 3916 632 3979 fratrum
653 3912 733 3978 filiis
754 3912 918 3999 praelatos
940 3935 1010 3978 esse
1030 3911 1067 3977 in
1088 3937 1143 3978 ca·
1230 3956 1236 3964 ·

66 4011 200 4100 piendis
222 4038 361 4081 avorum
383 4015 619 4082 hereditatibus
638 4038 739 4101 quum
759 4012 826 4100 ipsi
846 4028 984 4079 naturae
1004 4037 1144 4080 consen·
1169 4024 1173 4029 '

67 4130 203 4181 tnneurn
223 4115 278 4198 sit,
300 4134 371 4183 tum
388 4117 487 4182 etiam
502 4115 694 4182 certissimis
710 4114 906 4181 testimoniis
924 4113 1147 4181 demonstrari

67 4230 187 4307 potest.
241 4214 339 4286 Cous.
360 4217 507 4287 liunsen.
531 4217 571 4285 de
599 4216 666 4307 jur.
688 4219 761 4285 her.
790 4238 827 4305 p.
848 4217 890 4283 17
910 4239 959 4304 sq.
982 4230 1015 4284 et
1033 4219 1145 4306 legem
