2632 4800
186 227 255 297 Ιω
553 223 602 295 ΙΝ
622 222 906 295 ΟΙΙΔΤΙΟΝΕΜ

186 398 347 490 plicatur,
376 395 519 463 verbum
539 389 814 483 κατῳκοδόμησεν,
849 395 937 483 qnod
959 418 1200 487 saepenumero
1219 397 1272 467 ilai

187 497 338 567 extitisse
358 497 458 581 dicit,
486 496 686 586 pertinuisse
699 497 834 564 videtur
854 498 898 563 ad
918 499 1148 567 narrationem
1170 500 1271 591 hujus

187 602 225 669 iu
247 599 383 665 alterius
404 599 530 665 sororis
551 597 710 665 maritum
722 597 896 665 facinoris.
940 598 1155 688 Quamquam
1175 627 1271 671 seru·

187 705 304 794 pulum
325 700 449 789 injicit,
480 700 566 786 quod
589 699 809 788 Harpocratio
830 700 1048 787 explicationi
1073 726 1157 770 suae
1177 690 1273 791 addit

188 806 241 870 aei
261 802 445 867 dulmene.
492 800 580 877 Nam
600 802 810 869 intersectum
838 803 928 867 hune
947 803 1084 889 quidem
1103 828 1174 870 non
1198 829 1270 875 esse

188 919 342 995 apparet3
374 904 608 989 quamobrem,
641 903 708 969 uisi
730 927 857 971 errasse
877 902 1179 995 Harpocrationem
1201 920 1270 975 sta·

187 1022 337 1083 tuamne,
369 1005 410 1069 ad
438 1004 524 1069 nlius
552 1003 738 1096 cujuspiam
757 1004 919 1073 facinoris
938 1007 1167 1074 narrationem
1188 1032 1268 1076 ver·

187 1110 270 1177 bum
289 1107 375 1171 illud
396 1104 595 1195 pertinuisse
625 1105 801 1195 oportebit.
845 1107 956 1194 Atque
978 1108 1021 1173 ds
1040 1109 1105 1175 hae
1126 1109 1267 1196 quidem

187 1235 227 1279 re
240 1208 394 1296 equidem
414 1206 450 1272 in
471 1221 624 1273 neutram
638 1224 767 1296 partem
782 1208 962 1295 quidquam
977 1211 1159 1293 affirmem
1192 1236 1268 1277 κατ·

187 1314 361 1391 οικοδομεΐν
388 1308 639 1397 ausem1ipsum
668 1332 728 1398 pet·
757 1334 793 1376 se
819 1310 911 1377 nihil
938 1310 1030 1376 aliud
1061 1311 1268 1399 significem,

187 1414 256 1483 nisi
283 1412 447 1478 includere
473 1411 609 1495 olt'qssem
634 1411 741 1495 aliquo
770 1414 857 1490 loeo,
890 1412 1047 1477 demae
1066 1415 1154 1478 omni
1172 1416 1267 1481 exilu

187 1516 269 1587 satis
291 1527 428 1579 constat.
472 1511 553 1579 Vid.
575 1528 707 1602 praeter
727 1511 843 1580 Valeo.
865 1513 908 1579 ad
927 1512 1126 1603 Harpocrat.
1148 1540 1186 1606 p.
1201 1517 1280 1601 338·

188 1619 241 1686 ed.
260 1615 354 1704 Lipa.
373 1613 506 1680 Duker.
528 1612 571 1680 ad
592 1613 753 1705 Thucyd.
766 1612 833 1698 ΙΙΙ,
853 1615 909 1683 81.
932 1615 1025 1707 etde
1045 1617 1152 1683 verbo
1174 1615 1269 1685 duor-

188 1723 331 1801 κοδομεῖν
358 1715 515 1782 similiter
540 1731 697 1805 usurpato
719 1713 892 1782 Sohaeier.
913 1714 1153 1785 ad'Plutarelr.
1176 1718 1212 1785 V
1230 1744 1268 1811 p.

188 1823 265 1891 140.
308 1820 457 1908 Apparet
484 1832 595 1883 antem
621 1833 736 1884 nostro
762 1819 837 1886 loeo
858 1817 968 1909 potius
987 1817 1123 1886 inverso
1147 1818 1268 1889 ordine

188 1923 368 1991 dicendum
381 1919 483 1987 fuisse
502 1915 723 1999 ἐπιβουλεύσας
736 1924 789 1984 καὶ
801 1916 1088 2003 κατυικυδομῆσαςς
1109 1922 1170 1987 sed
1185 1921 1268 1991 talis

188 2021 400 2112 upudiorepa
411 2044 478 2086 non
491 2019 670 2086 admodum
681 2042 758 2087 rara
775 2045 849 2089 esse
861 2046 959 2103 nemo
980 2021 1127 2110 ignorat.
1169 2022 1267 2089 ’Het-

187 2150 275 2213 μωσε
297 2148 360 2211 quo
388 2145 488 2188 sensu
519 2121 748 2210 accipiendum
776 2124 844 2208 sit,
870 2147 939 2189 nou
959 2122 1075 2211 liquet.
1116 2122 1265 2193 Meierus

189 2222 391 2318 quidem'de
423 2222 496 2290 ord.
523 2222 603 2312 jud..
623 2248 658 2312 p.
680 2227 747 2293 ato
772 2241 843 2293 not.
864 2226 909 2309 82
934 2225 976 2291 de
1003 2241 1119 2316 stupro
1141 2228 1264 2315 eogitat

189 2329 343 2425 pervim
369 2327 487 2408 illato,
516 2348 581 2411 quo
607 2327 695 2392 facto
725 2327 835 2416 isqui
859 2340 1025 2417 stupratus
1051 2342 1124 2393 erat
1152 2326 1263 2410 ἄτιμος

102 2457 108 2467 ·
187 2436 294 2502 faetus
320 2430 376 2496 sit.
428 2425 494 2493 Sed
526 2426 614 2493 mihi
645 2446 677 2496 et
697 2433 781 2500 haee
800 2429 873 2519 ipsa
892 2427 1051 2494 facinoris
1071 2430 1260 2497 immanitas

187 2531 397 2605 incredibilia
411 2529 565 2610 videtur,
594 2554 701 2621 neque
716 2536 746 2601 si
761 2532 834 2625 quis
855 2529 920 2595 hoe
940 2530 1059 2614 modo,
1086 2533 1183 2598 nulla
1204 2555 1260 2599 sua

187 2640 302 2726 culpa,
332 2633 405 2703 vim
434 2632 477 2697 ab
504 2630 642 2699 inimico
663 2648 835 2715 perpessus
864 2646 968 2716 esset,
1000 2633 1259 2722 proptereafiu-

186 2741 244 2828 plq
260 2762 335 2804 eum
355 2733 464 2801 notari
480 2732 625 2822 potuisse
639 2729 806 2796 existimo.
848 2731 877 2797 F
878 2748 1027 2800 ateamur
1041 2734 1147 2820 igitur
1163 2758 1258 2822 opor-

187 2857 235 2909 tet
262 2837 390 2905 uescire
420 2859 502 2917 uos,
531 2857 675 2921 quonam
707 2832 805 2897 modo
833 2833 893 2900 ille
919 2834 1066 2902 inclusus
1092 2860 1113 2902 a
1142 2836 1258 2904 Diocle

186 2941 298 3024 ἄτιμος
317 2939 422 3004 {actus
443 2937 505 3018 sit;
541 2935 608 3001 uisi
635 2935 722 3001 iorte
749 2936 890 3001 verbum
918 2935 1053 3018 ἠτίμωσε
1079 2936 1259 3028 impropria

187 3044 314 3111 dietum
335 3038 534 3128 accipiamus
561 3060 641 3125 pro:
665 3037 763 3119 gravi
781 3049 813 3100 et
833 3035 950 3121 infore
967 3041 1156 3105 mantelia
1179 3042 1259 3128 effe·

187 3147 250 3226 eit,-
278 3164 481 3231 quamquam
501 3137 600 3227 hujus
621 3162 701 3203 usus
722 3139 854 3203 nullum
876 3141 1068 3226 exemplum
1089 3166 1144 3207 ma
1166 3142 1259 3211 inve·

185 3247 262 3314 nire
292 3241 450 3319 memini,
488 3255 520 3304 et
545 3238 675 3323 ἠτίμασε
706 3239 815 3328 potius
843 3241 1057 3309 scribendum
1085 3244 1259 3329 suaserim,

186 3348 274 3437 quod
294 3369 372 3411 eum
391 3343 452 3408 illo
474 3343 578 3407 altero
600 3364 696 3428 saepe
716 3343 899 3429 permutari
919 3359 1057 3410 constat.

185 3464 189 3473 ’
247 3447 310 3536 ᾧ.
332 3446 388 3512 42.
416 3445 529 3530 prilla
558 3442 593 3506 δὲ
622 3442 735 3525 [χωρία
755 3441 865 3527 ἅττα].
907 3444 984 3510 Huc
1004 3445 1151 3535 pertinet
1171 3446 1259 3514 Har·

185 3547 387 3642 poorationis
408 3547 594 3632 glossema:
626 3545 757 3610 Φελλέα.
774 3543 894 3620 Ἰσαῖος
914 3545 947 3611 ἐν
967 3551 1013 3634 τῷ
1033 3549 1181 3632 περὶτοῦ
1202 3548 1259 3616 lu'·

187 3676 287 3738 ρωνος
307 3646 434 3732 κλήρου.
461 3644 502 3710 τὰ
514 3643 657 3730 πετρώδη
678 3647 730 3709 καὶ
752 3647 896 3730 αἰγίβοτα
915 3648 1017 3732 χωρία
1038 3649 1171 3733 pelidae
1192 3648 1260 3714 ixei-

185 3757 270 3818 λουν.
312 3750 480 3838 Apparet,
509 3747 647 3833 opinor,
674 3746 973 3837 Harpocrationem
987 3750 1101 3835 φελλέα
1122 3775 1186 3840 pro
1208 3776 1261 3818 eo·

185 3852 334 3919 cusativo
347 3850 502 3916 habuisse
520 3848 706 3934 singulari,
739 3874 758 3914 a
778 3849 987 3919 nominativo
1003 3850 1147 3937 φελλεύςς
1175 3854 1260 3941 quod

185 3953 216 4020 si
235 3954 283 4019 ita
302 3967 368 4034 est,
404 3952 487 4016 haee
507 3952 611 4017 verba
633 3951 737 4035 χωρία
758 3949 839 4015 ἄττα
869 3952 953 4016 lecta
975 3954 1017 4018 ab
1039 3978 1078 4019 eo
1101 3978 1170 4020 uon
1193 3977 1261 4021 esse

184 4054 397 4121 manilestum
425 4067 494 4133 est3
536 4075 620 4138 quae
646 4051 676 4116 si
702 4052 855 4140 legisset,
890 4052 1002 4138 ᾳελλὲα
1031 4055 1103 4140 (aut
1130 4055 1260 4144 φέλλεα)

184 4179 255 4221 non
273 4153 381 4245 potuit
399 4177 470 4220 non
488 4174 552 4239 pro
574 4152 738 4246 adjectivo
758 4155 868 4244 potius
884 4179 1083 4244 agnoscere,
1109 4181 1131 4225 a
1152 4160 1261 4226 nomi·
