2632 4800
188 244 255 313 ιιι
315 199 336 327 J
544 246 595 317 uu
616 247 899 321 omstouuu
964 251 969 257 ’

158 401 178 417 Γ
275 413 377 498 ἐπειδὴ
396 411 443 482 τα)
464 413 520 482 tto
541 413 686 500 ιαλάκτω
707 413 809 496 ἑξάκις
822 415 956 505 ἤλθετον
962 444 977 501 ,·
1007 419 1172 515 corrupta
1188 427 1274 509 haee

191 543 261 587 esse
282 532 430 609 apparet.
480 516 567 585 Nam
595 519 682 607 quod
704 520 863 595 Reiskius
893 525 937 599 εἰς
955 522 1056 609 κρίσιν
1075 526 1273 595 subintelli-

190 622 336 708 gendum
365 644 436 687 esse
462 634 576 703 ratus,
601 620 650 687 ita
676 623 758 688 haee
778 623 1034 713 interpretatura
1071 630 1273 715 quandoqui-

188 726 263 793 dem
288 723 446 789 hereditas
466 723 507 805 ab
539 747 574 787 eo
602 724 733 809 relicta,
762 749 844 810 quae
864 727 959 790 ιΙιιααι
980 738 1026 791 est
1046 732 1217 811 talentum,
1248 757 1271 799 α

95 886 100 896 ,
189 851 251 893 sex
271 825 518 910 conpetitm'bus
528 824 601 908 suit
619 826 722 910 pets‘to
741 852 806 907 -,·
827 850 932 915 neque
952 825 1100 912 ἔρχεσθαι
1120 856 1272 921 unquam

180 929 239 999 -sie
251 927 339 995 nude
354 926 479 993 dictum
497 925 669 993 invenitur
684 928 724 994 de
742 952 779 994 re
788 974 800 1013 ,
827 952 910 1016 quae
926 929 963 995 in
976 928 1139 1020 judicium
1160 934 1270 1020 venit,

53 1100 57 1113 “
151 1090 160 1103 ’
191 1054 295 1118 ΜΨ
316 1026 421 1110 ’maii
444 1026 479 1094 h·
510 1029 537 1094 l·
560 1027 747 1114 ⁸ig¹¹ffi⁰²¹⁰
768 1031 1019 1116 miffar!
1038 1033 1144 1119 satis,
1176 1036 1302 1139 arbi-⁴

163 1140 284 1216 onor,
310 1129 524 1197 manifestum
555 1144 614 1196 est.
668 1129 744 1198 Jem
771 1156 853 1201 vero
881 1136 945 1200 hoe
966 1157 1095 1222 quoque
1116 1152 1269 1227 apparet,

181 1258 259 1305 mon
279 1249 350 1299 tum
372 1233 505 1297 demum
525 1232 652 1300 luctum
668 1236 971 1325 scompetitoribus
991 1253 1160 1326 sumptum
1182 1263 1269 1318 esse,

189 1336 364 1426 postquam
391 1350 503 1424 petere
534 1336 736 1425 coepissent,
771 1338 827 1404 sed
851 1362 953 1426 quum
979 1337 1114 1427 petituri
1136 1346 1267 1409 essent:

189 1436 233 1516 ὥς
261 1437 313 1505 διὰ
345 1435 380 1503 τά
411 1437 526 1512 πένθος
555 1435 838 1525 κληρονομήσαντες
862 1446 919 1524 τῆς
942 1438 1060 1516 οὐσίας.
1081 1478 1125 1490 -
1151 1439 1268 1530 Neque

190 1539 410 1609 Valckenarii
441 1539 628 1626 conjectura
650 1541 691 1618 it}
721 1540 816 1625 ’Ἀκης
848 1542 1028 1629 quidquam
1060 1542 1266 1631 proficimus.

170 1642 332 1716 ,Etiamsi
359 1642 448 1708 euim
474 1641 548 1708 fieri
569 1643 714 1732 potuisse
735 1643 970 1729 concedamus,
1002 1658 1039 1710 ut
1058 1643 1267 1714 Nicostratus

188 1745 226 1812 in
252 1746 315 1811 illo
336 1744 537 1811 Phoeniciae
564 1744 684 1833 oppido
707 1745 791 1831 (vid.
813 1745 978 1836 Harpoor.
999 1746 1036 1813 in
1051 1743 1142 1832 Ἄκη)
1172 1772 1267 1815 mor·

181 1863 256 1917 tem
278 1847 414 1929 obierim
446 1869 647 1933 quamquam
660 1848 724 1913 hoo
738 1846 848 1937 ipsum
865 1871 984 1936 parum
1001 1848 1265 1918 estverisimile:

102 1990 107 1997 -
189 1950 244 2016 oui
274 1950 406 2016 tandem
434 1948 592 2015 credibile
619 1948 790 2016 videbitur
815 1949 933 2033 illum,
963 1951 1003 2016 ad
1026 1951 1151 2016 bellum
1172 1951 1268 2018 scili-

87 2132 90 2143 ,
190 2068 243 2120 eet
258 2051 553 2142 proficiscentem,
590 2051 676 2117 bena
707 2074 766 2118 sua
796 2051 908 2117 omnia
928 2049 1023 2116 Acen
1044 2075 1155 2123 secum
1185 2078 1267 2143 por-

180 2169 294 2234 tasse,
328 2154 416 2218 unde
449 2168 525 2241 post
561 2151 631 2243 ejus
661 2169 806 2222 mortem
838 2152 987 2233 Athenas
1028 2155 1133 2221 relata
1170 2156 1267 2225 siut?

94 2332 99 2343 Ι
180 2256 277 2325 Mihi
289 2255 422 2343 quidem
436 2253 547 2321 isaeus
563 2254 735 2344 scripsisse
755 2237 906 2324 videtur:
929 2253 1030 2338 ἐπειδὴ
1052 2254 1097 2320 τά
1118 2252 1177 2322 δύο
1205 2282 1268 2323 τα-

129 2370 148 2416 ¹,
182 2355 293 2427 λάιαω
320 2357 514 2438 ἐξέκιισθσις
546 2357 633 2445 quod
660 2382 763 2444 quum
792 2357 920 2446 priores
948 2357 1033 2423 duae
1052 2359 1207 2449 syllabae
1226 2359 1268 2427 iu

188 2458 289 2541 ἑξάκις
309 2486 343 2528 v.
373 2457 473 2536 ἑξάκις
494 2460 691 2553 depravatae
712 2473 840 2540 essent,
870 2459 956 2527 illud
976 2497 1021 2510 -
1041 2465 1141 2540 σθαι,
1174 2463 1266 2549 quod

187 2565 356 2653 reliquum
385 2579 473 2646 erat,
506 2586 572 2627 non
601 2561 708 2651 potuit
737 2586 804 2628 nou
831 2585 892 2650 pro
914 2560 1145 2630 terminatione
1166 2562 1269 2631 verbi

181 2666 345 2754 agnosci,
376 2663 475 2753 idque
503 2663 600 2753 proin
621 2687 641 2729 a
663 2678 847 2730 correctore
868 2663 980 2750 aliquo
1001 2687 1062 2754 pro
1084 2678 1182 2754 captu
1203 2689 1268 2733 suo

180 2769 375 2836 semitutum
406 2780 466 2833 est.
518 2764 643 2832 Notum
673 2780 722 2831 est
751 2779 880 2850 autem,
921 2790 1024 2853 quum
1051 2752 1134 2833 alias
1165 2763 1269 2851 λήξεις

189 2894 327 2949 amnes,
362 2885 432 2935 tum
454 2867 554 2934 etiam
575 2867 797 2933 hereditatum
822 2866 996 2956 petitiones
1018 2891 1038 2934 a
1059 2867 1267 2953 magistrati-

182 2973 250 3039 bus
272 2973 308 3037 in
337 2972 451 3037 tabula
471 2969 603 3060 publica
625 2968 767 3060 proponi
787 2969 902 3041 solitae
924 2993 994 3036 esse
1017 2968 1103 3054 (vid.
1124 2968 1165 3035 de
1187 2971 1265 3045 orel.

186 3074 259 3165 jud.
289 3097 323 3162 p.
352 3072 417 3140 604
443 3074 508 3160 sq.)
541 3089 637 3159 atque
671 3072 734 3137 hac
766 3070 806 3136 de
835 3095 872 3137 re
900 3071 1056 3136 ἐκκεῖσθαι
1084 3085 1269 3161 usurpatur

186 3176 288 3243 etiem
309 3199 359 3241 or.
381 3175 418 3240 in
439 3174 587 3240 Theocr.
608 3199 642 3263 p.
663 3171 759 3252 1324,
781 3172 839 3239 10:
867 3171 992 3248 ἐξέκειτο
1006 3173 1049 3239 ’δὲ
1068 3170 1168 3237 καλὸν
1185 3170 1268 3258 χρά-

180 3305 243 3346 κσκ
269 3277 449 3362 ἔμπροσθεν
477 3281 535 3343 τοῦ
573 3275 734 3359 συνεδρίου
760 3271 780 3358 ἦ
812 3266 918 3360 φάσις.
946 3275 990 3341 oi.
1018 3274 1197 3358 Demosth.
1226 3275 1267 3342 iu

182 3380 271 3448 olid.
293 3405 327 3468 p.
349 3377 428 3462 548,
448 3380 482 3445 2.
525 3377 639 3465 Neque
660 3375 745 3443 illud
768 3399 966 3464 quemquam
986 3377 1151 3462 offendet,
1175 3377 1266 3466 quod

185 3483 233 3550 σὼ
252 3479 308 3547 δύο
329 3476 476 3546 totino
487 3477 716 3575 ‹licuntur-pro
736 3478 876 3561 libello,
906 3478 944 3543 in
961 3501 1025 3565 quo
1043 3479 1108 3547 duo
1124 3480 1265 3565 talenta,

186 3608 270 3672 quae
289 3583 503 3672 petebantur,
543 3581 666 3670 scripta
697 3592 802 3647 erant.
847 3579 942 3666 Quae
969 3594 1080 3647 autem
1106 3580 1266 3670 designa!-

184 3699 242 3752 λιιι·
262 3687 345 3770 λῆξις
365 3684 508 3750 duorum
529 3684 751 3766 talentorum,
778 3679 954 3768 Hagnonis
976 3696 1047 3749 erat
1068 3696 1101 3759 et
1120 3680 1265 3770 Hagno·

185 3786 275 3870 thei,
309 3784 366 3873 qui
392 3784 495 3874 primi
526 3783 718 3849 ἐπιδικασίαν
745 3782 968 3850 instituerunt.
1028 3783 1102 3850 Hae
1128 3784 1264 3874 publiea

185 3889 352 3974 proposita
373 3903 405 3953 et
426 3888 463 3953 in
484 3886 628 3954 comitiis
657 3908 784 3973 quoque
805 3884 992 3951 renuntiata
1015 3884 1099 3970 (vid.
1122 3885 1165 3952 do
1186 3886 1262 3953 oros.

185 3984 257 4075 jud.
278 4012 312 4075 p.
334 3989 439 4073 463.),
468 4001 521 4054 res
542 3989 647 4075 vulgo
667 3986 813 4053 innotuit
834 3986 995 4073 multique
1017 3986 1261 4076 adpetendum

185 4087 298 4153 allecti
319 4104 407 4155 sunt.
420 4128 464 4140 —
484 4089 538 4156 De
559 4106 696 4155 tonsura
710 4087 748 4153 in
768 4087 860 4152 luctu
879 4111 948 4153 non
963 4110 1043 4183 opps
1065 4107 1114 4155 est
1135 4089 1258 4157 disere.

185 4186 267 4258 Vis.
292 4187 530 4279 Wyttenbach.
553 4189 594 4256 ad
616 4189 750 4258 Platon.
771 4188 898 4258 Phaet.
921 4214 955 4279 p.
977 4187 1053 4257 235.
