2632 4800
116 195 184 269 ιιι
464 186 831 262 utousrtouuu

117 362 221 447 ἄξιοι,
250 361 294 431 de
317 363 384 431 hoc
403 374 540 452 propter
566 352 722 427 lacuum
747 358 910 425 incertum
932 370 982 425 est
1010 357 1191 451 judicium:

116 465 203 534 illud
230 488 312 533 raro
333 487 401 531 nou
422 460 687 548 concedendum,
716 474 755 526 nt
774 483 836 549 pro
863 456 985 536 τούτοις
1005 470 1074 537 τοῖς
1093 458 1193 547 λόγοις

116 565 321 655 rescribatur
347 572 414 639 τοῖς
438 559 552 629 τούτου
573 559 690 647 λόγοις,
720 559 756 630 id
778 561 866 648 quod
886 561 1046 630 Reiskius
1067 561 1192 630 sacien-

116 668 198 733 dum
209 665 358 757 putarit,
386 663 513 731 seilicet
530 677 568 730 ut
587 660 623 741 ὃς
642 686 828 752 pronomen
849 663 985 730 haberet
999 687 1066 750 qtro
1087 665 1193 736 refer·

116 784 221 836 retur.
265 766 367 835 Recte
383 764 473 831 euim
487 765 552 831 hoc
571 765 613 831 ad
628 765 858 833 adversarium
878 766 1038 850 refertur,
1061 764 1192 836 etiamsi

115 869 148 937 is
168 893 238 937 non
264 869 301 935 iu
321 862 484 958 proximo
509 865 670 933 orationis
700 867 869 951 membro,
900 868 959 934 sed
980 867 1096 956 paullo
1117 882 1192 933 oute

117 982 394 1039 commemoratus
415 981 498 1034 crat.
541 965 623 1034 Vid.
645 967 687 1033 ad
709 991 760 1035 or.
780 967 820 1035 de
834 967 962 1059 Pyrrh.
984 968 1058 1036 her.
1082 968 1122 1056 ᾖ.
1137 967 1189 1036 21.

9 1150 12 1161 Ι
204 1078 239 1153 9.
260 1069 316 1138 48.
339 1072 382 1146 εἰς
399 1065 529 1152 Κρήτην
550 1069 705 1145 ἐξέπλευσε
724 1107 778 1136 -.
800 1068 942 1136 Videtur
961 1068 1024 1135 illo
1043 1083 1190 1159 tompore

116 1174 246 1241 bellum
269 1171 373 1238 fuisse
405 1171 495 1236 iuter
521 1167 693 1238 Cretenses
721 1186 753 1238 et
781 1170 1083 1250 Lacedaemonios,
1120 1171 1190 1238 Μι-

61 1262 64 1267 4
115 1288 261 1340 curtatus
288 1288 399 1339 autem
425 1273 495 1338 illis
523 1296 558 1338 se
584 1271 778 1364 adjunxisse
806 1273 855 1337 ἐπὶ
875 1273 959 1338 λείαν
980 1269 1189 1355 οἰχιησόμιιος,

115 1390 154 1442 ut
186 1374 271 1442 belli
303 1373 555 1467 opportunitate
580 1389 728 1441 uteretur
764 1374 805 1441 ad
836 1373 974 1463 praedas
1004 1373 1189 1458 faciendas3

41 1530 48 1545 .
116 1499 202 1563 quac
222 1499 275 1542 res
301 1475 415 1563 utiquo
435 1473 697 1542 Atheniensibus
710 1474 826 1559 ‚videri
852 1474 959 1564 potuit
977 1475 1106 1547 bellum
1124 1475 1190 1542 La·

115 1576 406 1644 cedaemoniorum
434 1577 592 1645 adversus
622 1600 659 1644 se
686 1578 878 1643 conflatura.
923 1575 1136 1665 Quamquam
1155 1577 1191 1643 in

7 1674 10 1680 ’
116 1677 318 1751 obscuritate
339 1678 447 1745 omnis
467 1679 605 1762 iliorum
618 1676 806 1767 temporum
815 1678 1004 1766 ¹memoriae
1024 1693 1191 1769 praestare

115 1778 282 1872 ejusmodi
302 1778 528 1874 conjecturum
549 1802 648 1847 nemo
670 1793 801 1868 potest..
831 1778 936 1846 Moris
957 1793 1071 1847 autem
1090 1782 1191 1848 fuisse

114 1894 174 1965 ut,
208 1880 238 1948 si
269 1904 353 1968 quae
382 1880 540 1948 civitates·
561 1881 687 1946 bellum
715 1879 805 1947 iuter
829 1904 866 1948 sc
886 1896 1060 1970 gererent,
1092 1883 1191 1951 etiam

114 1981 180 2047 hoc
202 1981 387 2047 edicerent=
423 1979 454 2046 εἷ’
469 2005 516 2056 τις
543 1976 689 2059 βούλεται
715 1980 802 2068 παρὰ
823 1987 913 2068 σφῶν
932 1981 1007 2058 rode
1028 1985 1192 2066 πολεμίους

115 2085 280 2165 λῄζεσθαι
308 2081 434 2168 (Thac.
462 2080 635 2169 V,115)‚
670 2083 757 2169 quod
787 2101 926 2152 vocatur
960 2088 1042 2151 σῦλα
1074 2083 1190 2150 διδόναι

93 2182 282 2269 (Boeckh.
302 2183 343 2248 de
364 2206 479 2251 oecon.
469 2183 601 2273 .reip.
592 2183 699 2251 ..Ath
721 2181 812 2274 ΠΡ.
827 2186 924 2273 128),
945 2185 1076 2252 nemim
1064 2187 1189 2254 hodie

113 2284 270 2370 ignotum
292 2308 362 2351 esse
378 2284 535 2353 arbitror.
580 2282 680 2357 coni.
695 2283 933 2359 Wachsmuth.
955 2288 1029 2354 de
1016 2313 1092 2412 pure
1113 2313 1189 2380 gen·

114 2385 202 2453 tium
223 2410 277 2475 ap.
301 2386 361 2454 Gr.
353 2409 417 2516 »ἐρ
438 2385 493 2453 84.
780 2434 782 2439 ·

202 2488 304 2569 §.49
326 2487 412 2570 οὐχι
400 2485 517 2572 ἵναμὴ
531 2488 739 2592 iecroopyot'pr
755 2490 783 2553 al
802 2488 999 2577 upooyirosrc'
1020 2517 1077 2576 μοι
1098 2497 1184 2561 τοῦτο

113 2587 152 2656 τὸ
113 2589 255 2675 ιχωρί
252 2615 299 2655 οι.
341 2587 519 2680 Objectum
540 2590 667 2656 scilicet
683 2605 753 2657 erat
764 2592 982 2683 Theopompo
1005 2589 1047 2659 ab
1072 2597 1185 2664 adveu-

113 2692 225 2774 sario,
249 2706 306 2757 aut
325 2689 502 2759 videbatur
521 2692 661 2758 fortasse
682 2690 804 2782 objici
803 2718 917 2782 posse,
940 2720 1015 2760 eum
1036 2713 1182 2788 propter·

17 2871 20 2875 .
114 2817 153 2862 ea
179 2794 289 2859 filium
320 2817 418 2859 suum
444 2793 625 2859 Macartato
658 2792 841 2862 instituisse
878 2798 1102 2887 (εἶσιοιῆσαι),
1135 2824 1183 2877 ne,
1225 2791 1226 2799 ἵ

24 2941 31 2950 ‚
113 2894 144 2960 si
164 2896 234 2960 suis
260 2895 333 2984 ipse
363 2895 577 2961 facultatibus
602 2895 701 2960 illum
723 2920 842 2984 agrum
861 2889 1088 2988 adjunxisset,
1116 2927 1183 2967 mu·

112 2996 249 3062 neribus
279 3013 452 3090 propterea
483 2996 580 3081 fungi
611 3013 794 3085 cogeretur.
857 2999 990 3088 Quippe
1019 3004 1183 3087 εἰσποίησιν

112 3097 209 3163 iliam
236 3098 300 3163 hoc
329 3097 493 3181 effecisse,
529 3113 567 3164 ut
593 3122 673 3183 ager
700 3099 761 3164 ille
789 3124 857 3166 nou
885 3101 953 3191 jam
975 3102 1183 3193 Theopompi

37 3204 46 3217 '
113 3214 217 3282 esset,
245 3199 301 3264 sed
326 3198 498 3266 Macartati
519 3200 583 3265 filii
604 3201 768 3289 adoptivi,
796 3203 936 3305 ideoque
957 3206 1090 3272 nullum
1110 3206 1182 3271 inde

111 3316 326 3387 augmentum
346 3301 439 3366 allius
462 3303 559 3368 bonis
579 3317 795 3397 accresceret,
826 3321 960 3394 propter
982 3309 1070 3393 quod
1091 3308 1182 3374 litur-

111 3402 244 3489 giacum
258 3403 484 3469 obeuudarum
498 3404 673 3470 necessitas
690 3404 722 3470 ei
737 3405 973 3505 imponeretur.
1017 3408 1165 3475 Ηιιὶιι”
1123 3433 1179 3495 ugr·

111 3518 166 3568 tur
194 3502 371 3593 objectioni
399 3503 447 3569 ita
474 3506 634 3602 occurrit:
666 3529 729 3572 ooo
752 3521 945 3592 propterea,
970 3507 1110 3596 inquit,
1134 3509 1178 3599 ji·

1 3611 3 3621 '
83 3625 86 3628 ·
110 3605 187 3667 lium
206 3605 394 3670 Marcoduro
413 3607 555 3691 retitui,
576 3631 633 3690 ne,
655 3608 684 3671 si
702 3632 787 3672 meses
807 3610 866 3672 iste
887 3633 964 3692 ager
975 3610 1133 3705 fieretis.
1154 3637 1179 3676 e.

108 3716 137 3767 ἰι
130 3704 265 3788 filium
296 3706 480 3773 Macartato
507 3733 570 3774 ιιιιιι
595 3709 813 3794 instituerem,
852 3712 998 3794 liturgias
1015 3729 1180 3800 propterea

109 3795 251 3887 obirem3
277 3808 526 3892 quandoquidem
556 3811 617 3875 leue
646 3812 723 3874 milti
747 3814 798 3876 vol
821 3813 867 3878 sic
893 3815 1057 3880 obeundae
1083 3828 1181 3897 ιιιιιι,

1 3978 12 4010 ,Ι
110 3907 233 3970 etiamsi
249 3907 438 3976 Macartato
458 3910 604 4001 'filium
589 3914 799 3999 succurrerem,
831 3915 864 3979 1ι.
889 3940 918 3981 c.
940 3939 1021 3999 agro
1041 3919 1109 4004 ipse
1129 3919 1182 3982 ud-

109 4007 264 4074 stinerem.
278 4007 502 4099 Apparet'
491 4013 596 4100 igitur
622 4028 655 4080 et
673 4013 897 4085 inserendum
918 4017 1087 4086 fuisse
1043 4046 1089 4103 μη
1112 4033 1182 4086 aute
1209 4035 1211 4039 ’

100 4107 334 4204 1λιιιοιργιιίην,
362 4110 400 4179 id
421 4116 508 4201 quod
521 4114 698 4183 Bekkerus
719 4139 847 4206 quoque
868 4117 990 4205 suasit,
1020 4137 1053 4188 et
1075 4105 1182 4190 deleu-
