<?xml version="1.0" encoding="UTF-8"?>
<!DOCTYPE html PUBLIC "-//W3C//DTD XHTML 1.0 Transitional//EN"
    "http://www.w3.org/TR/xhtml1/DTD/xhtml1-transitional.dtd">
<html xmlns="http://www.w3.org/1999/xhtml" xml:lang="en" lang="en">
 <head>
  <title>
</title>
<meta http-equiv="Content-Type" content="text/html;charset=utf-8" />
  <meta name='ocr-system' content='tesseract 3.04.00' />
  <meta name='ocr-capabilities' content='ocr_page ocr_carea ocr_par ocr_line ocrx_word'/>
</head>
<body>
  <div class='ocr_page' id='page_1' title='image "./isaeiorationesx00isaegoog_0419.png"; bbox 0 0 2632 4800; ppageno 0'>
   <div class='ocr_carea' id='block_1_1' title="bbox 369 287 1217 364">
    <p class='ocr_par' dir='ltr' id='par_1_1' title="bbox 369 287 1217 364">
     <span class='ocr_line' id='line_1_1' title="bbox 369 287 1217 364; baseline 0.001 -3"><span class='ocrx_word' id='word_1_1' title='bbox 369 289 433 361; x_wconf 80' lang='lat' dir='ltr'>Du</span> <span class='ocrx_word' id='word_1_2' title='bbox 456 287 645 360; x_wconf 77' lang='lat' dir='ltr'>cluortts</span> <span class='ocrx_word' id='word_1_3' title='bbox 665 288 989 364; x_wconf 80' lang='lat' dir='ltr'><strong>HEREDITATE.</strong></span> <span class='ocrx_word' id='word_1_4' title='bbox 1152 296 1217 363; x_wconf 80' lang='lat'>397</span> 
     </span>
    </p>
   </div>
   <div class='ocr_carea' id='block_1_2' title="bbox 107 459 1300 4311">
    <p class='ocr_par' dir='ltr' id='par_1_2' title="bbox 115 459 1300 3069">
     <span class='ocr_line' id='line_1_2' title="bbox 139 459 1216 548; baseline 0.004 -21"><span class='ocrx_word' id='word_1_5' title='bbox 139 460 298 548; x_wconf 83' lang='lat' dir='ltr'>exempla</span> <span class='ocrx_word' id='word_1_6' title='bbox 322 460 420 529; x_wconf 85' lang='lat' dir='ltr'>verbi</span> <span class='ocrx_word' id='word_1_7' title='bbox 447 459 653 548; x_wconf 72' lang='grc' dir='ltr'><strong><em>ἀφαιρεῖσθαι</em></strong></span> <span class='ocrx_word' id='word_1_8' title='bbox 680 485 758 526; x_wconf 91' lang='lat' dir='ltr'>cum</span> <span class='ocrx_word' id='word_1_9' title='bbox 779 460 891 529; x_wconf 78' lang='lat' dir='ltr'>dativo</span> <span class='ocrx_word' id='word_1_10' title='bbox 912 461 1114 529; x_wconf 78' lang='lat' dir='ltr'><strong>incommodi</strong></span> <span class='ocrx_word' id='word_1_11' title='bbox 1132 472 1216 531; x_wconf 87' lang='lat' dir='ltr'>&#39;con-</span> 
     </span>
     <span class='ocr_line' id='line_1_3' title="bbox 137 562 1217 650; baseline 0.005 -22"><span class='ocrx_word' id='word_1_12' title='bbox 137 563 260 629; x_wconf 88' lang='lat' dir='ltr'>structi</span> <span class='ocrx_word' id='word_1_13' title='bbox 279 565 393 630; x_wconf 83' lang='lat' dir='ltr'>valere</span> <span class='ocrx_word' id='word_1_14' title='bbox 411 587 481 628; x_wconf 90' lang='lat' dir='ltr'>non</span> <span class='ocrx_word' id='word_1_15' title='bbox 504 577 641 650; x_wconf 85' lang='lat' dir='ltr'><strong>possunt</strong></span> <span class='ocrx_word' id='word_1_16' title='bbox 661 562 702 627; x_wconf 83' lang='lat' dir='ltr'>ad</span> <span class='ocrx_word' id='word_1_17' title='bbox 725 563 882 629; x_wconf 81' lang='lat' dir='ltr'>tuendam</span> <span class='ocrx_word' id='word_1_18' title='bbox 907 563 995 629; x_wconf 82' lang='lat' dir='ltr'>hanc</span> <span class='ocrx_word' id='word_1_19' title='bbox 1016 579 1217 634; x_wconf 78' lang='lat' dir='ltr'>structuram</span> 
     </span>
     <span class='ocr_line' id='line_1_4' title="bbox 120 664 1216 753; baseline -0.001 -19"><span class='ocrx_word' id='word_1_20' title='bbox 120 664 228 753; x_wconf 79' lang='lat' dir='ltr'>‚opud</span> <span class='ocrx_word' id='word_1_21' title='bbox 250 664 401 732; x_wconf 80' lang='lat' dir='ltr'>Atticum</span> <span class='ocrx_word' id='word_1_22' title='bbox 421 664 635 752; x_wconf 68' lang='lat' dir='ltr'>scriptorem</span> <span class='ocrx_word' id='word_1_23' title='bbox 667 679 699 730; x_wconf 91' lang='lat' dir='ltr'>et</span> <span class='ocrx_word' id='word_1_24' title='bbox 719 688 802 751; x_wconf 84' lang='lat' dir='ltr'>quse</span> <span class='ocrx_word' id='word_1_25' title='bbox 824 686 844 729; x_wconf 83' lang='lat' dir='ltr'>s</span> <span class='ocrx_word' id='word_1_26' title='bbox 865 664 1047 732; x_wconf 80' lang='lat' dir='ltr'>Matthiueo</span> <span class='ocrx_word' id='word_1_27' title='bbox 1069 669 1216 733; x_wconf 82' lang='lat' dir='ltr'>efferun-</span> 
     </span>
     <span class='ocr_line' id='line_1_5' title="bbox 138 756 1214 856; baseline 0.004 -25"><span class='ocrx_word' id='word_1_28' title='bbox 138 779 196 831; x_wconf 89' lang='lat' dir='ltr'>tur</span> <span class='ocrx_word' id='word_1_29' title='bbox 222 790 273 853; x_wconf 86' lang='lat' dir='ltr'>gr.</span> <span class='ocrx_word' id='word_1_30' title='bbox 305 765 364 833; x_wconf 87' lang='lat' dir='ltr'>Gr.</span> <span class='ocrx_word' id='word_1_31' title='bbox 396 792 430 854; x_wconf 89' lang='lat' dir='ltr'>p.</span> <span class='ocrx_word' id='word_1_32' title='bbox 452 767 517 834; x_wconf 77' lang='lat'>766</span> <span class='ocrx_word' id='word_1_33' title='bbox 549 782 580 832; x_wconf 89' lang='lat' dir='ltr'>et</span> <span class='ocrx_word' id='word_1_34' title='bbox 610 756 861 832; x_wconf 79' lang='lat' dir='ltr'>uBernhsrdio</span> <span class='ocrx_word' id='word_1_35' title='bbox 883 765 982 856; x_wconf 84' lang='lat' dir='ltr'>Synt.</span> <span class='ocrx_word' id='word_1_36' title='bbox 1003 792 1038 856; x_wconf 85' lang='lat' dir='ltr'>p.</span> <span class='ocrx_word' id='word_1_37' title='bbox 1062 769 1137 852; x_wconf 72' lang='lat'><strong>123,</strong></span> <span class='ocrx_word' id='word_1_38' title='bbox 1160 769 1214 835; x_wconf 90' lang='lat' dir='ltr'>di-</span> 
     </span>
     <span class='ocr_line' id='line_1_6' title="bbox 135 864 1212 957; baseline 0 -23"><span class='ocrx_word' id='word_1_39' title='bbox 135 864 230 934; x_wconf 83' lang='lat' dir='ltr'>versi</span> <span class='ocrx_word' id='word_1_40' title='bbox 249 883 327 933; x_wconf 88' lang='lat' dir='ltr'>sunt</span> <span class='ocrx_word' id='word_1_41' title='bbox 348 868 497 954; x_wconf 83' lang='lat' dir='ltr'>generis,</span> <span class='ocrx_word' id='word_1_42' title='bbox 529 867 649 957; x_wconf 86' lang='lat' dir='ltr'>quippe</span> <span class='ocrx_word' id='word_1_43' title='bbox 668 867 843 954; x_wconf 86' lang='lat' dir='ltr'>inquibus</span> <span class='ocrx_word' id='word_1_44' title='bbox 864 868 908 934; x_wconf 88' lang='lat' dir='ltr'>sit</span> <span class='ocrx_word' id='word_1_45' title='bbox 927 865 1071 953; x_wconf 77' lang='grc' dir='ltr'>ἀφαιρεῖν</span> <span class='ocrx_word' id='word_1_46' title='bbox 1092 870 1154 933; x_wconf 81' lang='grc' dir='ltr'>τινί</span> <span class='ocrx_word' id='word_1_47' title='bbox 1171 894 1212 950; x_wconf 80' lang='grc' dir='ltr'>τι,</span> 
     </span>
     <span class='ocr_line' id='line_1_7' title="bbox 128 968 1298 1057; baseline 0.007 -24"><span class='ocrx_word' id='word_1_48' title='bbox 128 969 274 1057; x_wconf 28' lang='lat' dir='ltr'>&#39;aliquem</span> <span class='ocrx_word' id='word_1_49' title='bbox 302 970 438 1034; x_wconf 74' lang='lat' dir='ltr'>liberare</span> <span class='ocrx_word' id='word_1_50' title='bbox 467 970 509 1035; x_wconf 85' lang='lat' dir='ltr'>ab</span> <span class='ocrx_word' id='word_1_51' title='bbox 538 971 646 1055; x_wconf 79' lang='lat' dir='ltr'>aliqua</span> <span class='ocrx_word' id='word_1_52' title='bbox 673 994 709 1034; x_wconf 83' lang='lat' dir='ltr'>re</span> <span class='ocrx_word' id='word_1_53' title='bbox 739 972 868 1034; x_wconf 77' lang='lat' dir='ltr'>scelesto</span> <span class='ocrx_word' id='word_1_54' title='bbox 897 982 930 1035; x_wconf 79' lang='lat' dir='ltr'>et</span> <span class='ocrx_word' id='word_1_55' title='bbox 957 971 1099 1052; x_wconf 60' lang='grc' dir='ltr'>ν’νιὲναΐα.</span> <span class='ocrx_word' id='word_1_56' title='bbox 1143 968 1210 1039; x_wconf 88' lang='lat' dir='ltr'>Sed</span> <span class='ocrx_word' id='word_1_57' title='bbox 1292 1003 1298 1041; x_wconf 95' lang='grc'>·.</span> 
     </span>
     <span class='ocr_line' id='line_1_8' title="bbox 134 1054 1300 1162; baseline 0.004 -27"><span class='ocrx_word' id='word_1_58' title='bbox 134 1084 252 1136; x_wconf 91' lang='lat' dir='ltr'>nostro</span> <span class='ocrx_word' id='word_1_59' title='bbox 282 1070 357 1137; x_wconf 93' lang='lat' dir='ltr'>loco</span> <span class='ocrx_word' id='word_1_60' title='bbox 385 1094 502 1138; x_wconf 76' lang='lat' dir='ltr'>veram</span> <span class='ocrx_word' id='word_1_61' title='bbox 533 1093 603 1137; x_wconf 88' lang='lat' dir='ltr'>esse</span> <span class='ocrx_word' id='word_1_62' title='bbox 633 1070 812 1137; x_wconf 89' lang='lat' dir='ltr'>lectionem</span> <span class='ocrx_word' id='word_1_63' title='bbox 840 1095 885 1138; x_wconf 86' lang='lat' dir='ltr'>cx</span> <span class='ocrx_word' id='word_1_64' title='bbox 915 1072 1043 1137; x_wconf 88' lang='lat' dir='ltr'>duobus</span> <span class='ocrx_word' id='word_1_65' title='bbox 1075 1072 1210 1162; x_wconf 86' lang='lat' dir='ltr'>optimis</span> <span class='ocrx_word' id='word_1_66' title='bbox 1294 1054 1300 1071; x_wconf 57' lang='grc'><strong><em>’</em></strong></span> 
     </span>
     <span class='ocr_line' id='line_1_9' title="bbox 133 1169 1210 1262; baseline 0.006 -27"><span class='ocrx_word' id='word_1_67' title='bbox 133 1169 231 1236; x_wconf 83' lang='lat' dir='ltr'><strong>codd.</strong></span> <span class='ocrx_word' id='word_1_68' title='bbox 247 1188 410 1262; x_wconf 81' lang='lat' dir='ltr'>receptam</span> <span class='ocrx_word' id='word_1_69' title='bbox 432 1176 529 1239; x_wconf 84' lang='lat' dir='ltr'>nemo</span> <span class='ocrx_word' id='word_1_70' title='bbox 544 1169 718 1238; x_wconf 82' lang='lat' dir='ltr'>dubitabit.</span> <span class='ocrx_word' id='word_1_71' title='bbox 760 1171 815 1239; x_wconf 89' lang='lat' dir='ltr'>De</span> <span class='ocrx_word' id='word_1_72' title='bbox 831 1171 1024 1258; x_wconf 87' lang='lat' dir='ltr'>loquutione</span> <span class='ocrx_word' id='word_1_73' title='bbox 1045 1171 1089 1236; x_wconf 80' lang='grc' dir='ltr'>δι’</span> <span class='ocrx_word' id='word_1_74' title='bbox 1112 1171 1210 1240; x_wconf 72' lang='grc' dir='ltr'><em>αὑτοῦ</em></span> 
     </span>
     <span class='ocr_line' id='line_1_10' title="bbox 134 1273 1209 1364; baseline 0.006 -28"><span class='ocrx_word' id='word_1_75' title='bbox 134 1279 294 1338; x_wconf 74' lang='grc' dir='ltr'><em>ποιεῖσθαι</em></span> <span class='ocrx_word' id='word_1_76' title='bbox 305 1275 347 1341; x_wconf 85' lang='lat' dir='ltr'>cf.</span> <span class='ocrx_word' id='word_1_77' title='bbox 366 1274 406 1339; x_wconf 85' lang='lat' dir='ltr'>ad</span> <span class='ocrx_word' id='word_1_78' title='bbox 420 1298 470 1340; x_wconf 91' lang='lat' dir='ltr'>or.</span> <span class='ocrx_word' id='word_1_79' title='bbox 487 1275 526 1339; x_wconf 92' lang='lat' dir='ltr'>de</span> <span class='ocrx_word' id='word_1_80' title='bbox 540 1273 739 1341; x_wconf 88' lang='lat' dir='ltr'>Philoctem.</span> <span class='ocrx_word' id='word_1_81' title='bbox 762 1274 836 1340; x_wconf 87' lang='lat' dir='ltr'>her.</span> <span class='ocrx_word' id='word_1_82' title='bbox 859 1274 897 1360; x_wconf 84' lang='lat'>§.</span> <span class='ocrx_word' id='word_1_83' title='bbox 916 1278 970 1346; x_wconf 85' lang='lat'>35.</span> <span class='ocrx_word' id='word_1_84' title='bbox 987 1312 1031 1323; x_wconf 89' lang='lat'>-</span> <span class='ocrx_word' id='word_1_85' title='bbox 1051 1274 1135 1341; x_wconf 86' lang='lat' dir='ltr'>Mox</span> <span class='ocrx_word' id='word_1_86' title='bbox 1146 1298 1209 1364; x_wconf 89' lang='lat' dir='ltr'>pro</span> 
     </span>
     <span class='ocr_line' id='line_1_11' title="bbox 132 1368 1208 1462; baseline 0.006 -24"><span class='ocrx_word' id='word_1_87' title='bbox 132 1370 325 1459; x_wconf 69' lang='grc' dir='ltr'>ἐτελεύτησεν</span> <span class='ocrx_word' id='word_1_88' title='bbox 341 1373 492 1462; x_wconf 82' lang='lat' dir='ltr'>Scaliger</span> <span class='ocrx_word' id='word_1_89' title='bbox 507 1377 651 1440; x_wconf 85' lang='lat' dir='ltr'>malebat</span> <span class='ocrx_word' id='word_1_90' title='bbox 663 1368 876 1459; x_wconf 68' lang='grc' dir='ltr'>τελευτήσειεν.</span> <span class='ocrx_word' id='word_1_91' title='bbox 917 1375 1088 1443; x_wconf 80' lang='lat' dir='ltr'><strong>Nimirum</strong></span> <span class='ocrx_word' id='word_1_92' title='bbox 1099 1376 1128 1442; x_wconf 90' lang='lat' dir='ltr'>is</span> <span class='ocrx_word' id='word_1_93' title='bbox 1143 1378 1208 1444; x_wconf 84' lang='lat' dir='ltr'>hoc</span> 
     </span>
     <span class='ocr_line' id='line_1_12' title="bbox 131 1473 1208 1568; baseline 0.005 -26"><span class='ocrx_word' id='word_1_94' title='bbox 131 1477 323 1544; x_wconf 83' lang='lat' dir='ltr'>membrum</span> <span class='ocrx_word' id='word_1_95' title='bbox 345 1474 438 1543; x_wconf 81' lang='grc' dir='ltr'>ὁπότε</span> <span class='ocrx_word' id='word_1_96' title='bbox 459 1473 661 1559; x_wconf 79' lang='grc' dir='ltr'>τελευτήσειεν</span> <span class='ocrx_word' id='word_1_97' title='bbox 681 1478 934 1568; x_wconf 83' lang='lat' dir='ltr'>hypotheticum</span> <span class='ocrx_word' id='word_1_98' title='bbox 956 1477 1208 1565; x_wconf 33' lang='lat' dir='ltr'>totiusque&#39;loci</span> 
     </span>
     <span class='ocr_line' id='line_1_13' title="bbox 131 1577 1207 1667; baseline 0.002 -22"><span class='ocrx_word' id='word_1_99' title='bbox 131 1579 329 1646; x_wconf 80' lang='lat' dir='ltr'>sententiam</span> <span class='ocrx_word' id='word_1_100' title='bbox 351 1581 455 1645; x_wconf 75' lang='lat' dir='ltr'>&#39;hanc</span> <span class='ocrx_word' id='word_1_101' title='bbox 488 1601 558 1645; x_wconf 87' lang='lat' dir='ltr'>esse</span> <span class='ocrx_word' id='word_1_102' title='bbox 588 1578 720 1658; x_wconf 77' lang='lat' dir='ltr'>statuit,</span> <span class='ocrx_word' id='word_1_103' title='bbox 760 1602 860 1665; x_wconf 82' lang='lat' dir='ltr'>quam</span> <span class='ocrx_word' id='word_1_104' title='bbox 886 1577 1046 1645; x_wconf 85' lang='lat' dir='ltr'>Reiskius</span> <span class='ocrx_word' id='word_1_105' title='bbox 1076 1602 1207 1667; x_wconf 86' lang='lat' dir='ltr'>quoqne</span> 
     </span>
     <span class='ocr_line' id='line_1_14' title="bbox 129 1679 1206 1770; baseline 0 -23"><span class='ocrx_word' id='word_1_106' title='bbox 129 1681 292 1747; x_wconf 80' lang='lat' dir='ltr'>vertendo</span> <span class='ocrx_word' id='word_1_107' title='bbox 321 1679 505 1770; x_wconf 79' lang='lat' dir='ltr'>expressit:</span> <span class='ocrx_word' id='word_1_108' title='bbox 539 1704 659 1763; x_wconf 71' lang='lat' dir='ltr'>gnatum</span> <span class='ocrx_word' id='word_1_109' title='bbox 687 1692 792 1744; x_wconf 70' lang='lat' dir='ltr'>oedem</span> <span class='ocrx_word' id='word_1_110' title='bbox 818 1704 868 1744; x_wconf 85' lang='lat' dir='ltr'>me</span> <span class='ocrx_word' id='word_1_111' title='bbox 895 1681 1067 1764; x_wconf 73' lang='lat' dir='ltr'>aliusmodo</span> <span class='ocrx_word' id='word_1_112' title='bbox 1100 1705 1206 1747; x_wconf 72' lang='lat' dir='ltr'>ectum</span> 
     </span>
     <span class='ocr_line' id='line_1_15' title="bbox 129 1780 1202 1867; baseline 0.005 -22"><span class='ocrx_word' id='word_1_113' title='bbox 129 1780 173 1845; x_wconf 81' lang='lat' dir='ltr'>tle</span> <span class='ocrx_word' id='word_1_114' title='bbox 189 1780 269 1867; x_wconf 80' lang='lat' dir='ltr'>jure</span> <span class='ocrx_word' id='word_1_115' title='bbox 291 1782 433 1867; x_wconf 78' lang='lat' dir='ltr'>futorum</span> <span class='ocrx_word' id='word_1_116' title='bbox 454 1806 519 1847; x_wconf 85' lang='lat' dir='ltr'>esse</span> <span class='ocrx_word' id='word_1_117' title='bbox 539 1782 692 1846; x_wconf 78' lang='lat' dir='ltr'>arbitrum</span> <span class='ocrx_word' id='word_1_118' title='bbox 712 1803 770 1846; x_wconf 82' lang='lat' dir='ltr'>avo</span> <span class='ocrx_word' id='word_1_119' title='bbox 790 1806 809 1845; x_wconf 87' lang='lat' dir='ltr'>e</span> <span class='ocrx_word' id='word_1_120' title='bbox 828 1781 905 1845; x_wconf 68' lang='lat' dir='ltr'>vivo</span> <span class='ocrx_word' id='word_1_121' title='bbox 924 1781 1068 1859; x_wconf 80' lang='lat' dir='ltr'>subluto,</span> <span class='ocrx_word' id='word_1_122' title='bbox 1096 1783 1147 1867; x_wconf 83' lang='lat' dir='ltr'>(h.</span> <span class='ocrx_word' id='word_1_123' title='bbox 1171 1808 1202 1851; x_wconf 89' lang='lat' dir='ltr'>e.</span> 
     </span>
     <span class='ocr_line' id='line_1_16' title="bbox 128 1880 1235 1968; baseline 0.003 -20"><span class='ocrx_word' id='word_1_124' title='bbox 128 1880 233 1949; x_wconf 86' lang='lat' dir='ltr'>simul</span> <span class='ocrx_word' id='word_1_125' title='bbox 262 1907 344 1951; x_wconf 84' lang='lat' dir='ltr'>evus</span> <span class='ocrx_word' id='word_1_126' title='bbox 372 1885 520 1951; x_wconf 83' lang='lat' dir='ltr'>sublatus</span> <span class='ocrx_word' id='word_1_127' title='bbox 548 1884 665 1968; x_wconf 88' lang='lat' dir='ltr'>esset,)</span> <span class='ocrx_word' id='word_1_128' title='bbox 695 1907 757 1948; x_wconf 80' lang='lat' dir='ltr'>oon</span> <span class='ocrx_word' id='word_1_129' title='bbox 782 1884 874 1948; x_wconf 83' lang='lat' dir='ltr'>aditu</span> <span class='ocrx_word' id='word_1_130' title='bbox 894 1883 1018 1967; x_wconf 76' lang='lat' dir='ltr'>quidm</span> <span class='ocrx_word' id='word_1_131' title='bbox 1045 1885 1092 1949; x_wconf 83' lang='lat' dir='ltr'>ad</span> <span class='ocrx_word' id='word_1_132' title='bbox 1111 1908 1204 1951; x_wconf 75' lang='lat' dir='ltr'>avum</span> <span class='ocrx_word' id='word_1_133' title='bbox 1233 1911 1235 1917; x_wconf 50' lang='lat'><strong>¹</strong></span> 
     </span>
     <span class='ocr_line' id='line_1_17' title="bbox 125 1972 1203 2071; baseline 0.002 -22"><span class='ocrx_word' id='word_1_134' title='bbox 125 1972 179 2049; x_wconf 64' lang='lat' dir='ltr'>ute</span> <span class='ocrx_word' id='word_1_135' title='bbox 199 1986 334 2050; x_wconf 73' lang='lat' dir='ltr'>exclusit</span> <span class='ocrx_word' id='word_1_136' title='bbox 354 2010 452 2071; x_wconf 76' lang='lat' dir='ltr'>neque</span> <span class='ocrx_word' id='word_1_137' title='bbox 472 1986 682 2069; x_wconf 62' lang='lat' dir='ltr'>congressibus</span> <span class='ocrx_word' id='word_1_138' title='bbox 697 1997 733 2050; x_wconf 58' lang='lat' dir='ltr'>‘et</span> <span class='ocrx_word' id='word_1_139' title='bbox 752 1986 971 2050; x_wconf 79' lang='lat' dir='ltr'>cmtsteetudioe</span> <span class='ocrx_word' id='word_1_140' title='bbox 991 1984 1058 2070; x_wconf 63' lang='lat' dir='ltr'>eries</span> <span class='ocrx_word' id='word_1_141' title='bbox 1076 2010 1126 2051; x_wconf 84' lang='lat' dir='ltr'>me</span> <span class='ocrx_word' id='word_1_142' title='bbox 1145 2011 1203 2051; x_wconf 81' lang='lat' dir='ltr'>ot·-</span> 
     </span>
     <span class='ocr_line' id='line_1_18' title="bbox 125 2077 1203 2173; baseline 0.003 -21"><span class='ocrx_word' id='word_1_143' title='bbox 125 2088 199 2152; x_wconf 75' lang='lat' dir='ltr'>mit</span> <span class='ocrx_word' id='word_1_144' title='bbox 219 2100 281 2153; x_wconf 84' lang='lat' dir='ltr'>etc.</span> <span class='ocrx_word' id='word_1_145' title='bbox 326 2084 491 2153; x_wconf 82' lang='lat' dir='ltr'>Similiter</span> <span class='ocrx_word' id='word_1_146' title='bbox 520 2087 620 2153; x_wconf 87' lang='lat' dir='ltr'>etiam</span> <span class='ocrx_word' id='word_1_147' title='bbox 642 2077 807 2155; x_wconf 77' lang='lat' dir='ltr'>donesitis.</span> <span class='ocrx_word' id='word_1_148' title='bbox 849 2087 899 2153; x_wconf 84' lang='lat' dir='ltr'>At</span> <span class='ocrx_word' id='word_1_149' title='bbox 918 2087 1001 2152; x_wconf 80' lang='lat' dir='ltr'>haec</span> <span class='ocrx_word' id='word_1_150' title='bbox 1021 2088 1131 2173; x_wconf 85' lang='lat' dir='ltr'>potins</span> <span class='ocrx_word' id='word_1_151' title='bbox 1152 2102 1203 2155; x_wconf 86' lang='lat' dir='ltr'>est</span> 
     </span>
     <span class='ocr_line' id='line_1_19' title="bbox 123 2187 1199 2278; baseline -0.001 -23"><span class='ocrx_word' id='word_1_152' title='bbox 123 2187 308 2278; x_wconf 80' lang='lat' dir='ltr'>sententis:</span> <span class='ocrx_word' id='word_1_153' title='bbox 342 2191 441 2274; x_wconf 74' lang='grc' dir='ltr'>(ὶννννι</span> <span class='ocrx_word' id='word_1_154' title='bbox 456 2191 593 2272; x_wconf 78' lang='lat' dir='ltr'>videret,</span> <span class='ocrx_word' id='word_1_155' title='bbox 616 2189 866 2274; x_wconf 71' lang='lat' dir='ltr'>qumodoqoidem</span> <span class='ocrx_word' id='word_1_156' title='bbox 879 2212 955 2253; x_wconf 74' lang='lat' dir='ltr'>ames</span> <span class='ocrx_word' id='word_1_157' title='bbox 969 2202 1105 2262; x_wconf 70' lang='lat' dir='ltr'>mudum</span> <span class='ocrx_word' id='word_1_158' title='bbox 1118 2204 1199 2275; x_wconf 82' lang='lat' dir='ltr'>erut,</span> 
     </span>
     <span class='ocr_line' id='line_1_20' title="bbox 121 2289 1201 2377; baseline 0.002 -23"><span class='ocrx_word' id='word_1_159' title='bbox 121 2289 400 2355; x_wconf 65' lang='lat' dir='ltr'>me‘tereditatem</span> <span class='ocrx_word' id='word_1_160' title='bbox 421 2292 489 2377; x_wconf 81' lang='lat' dir='ltr'>ejus</span> <span class='ocrx_word' id='word_1_161' title='bbox 513 2292 687 2356; x_wconf 70' lang='lat' dir='ltr'>univmsom</span> <span class='ocrx_word' id='word_1_162' title='bbox 712 2292 900 2375; x_wconf 72' lang='lat' dir='ltr'>petiturum,</span> <span class='ocrx_word' id='word_1_163' title='bbox 932 2313 995 2355; x_wconf 81' lang='lat' dir='ltr'>ooo</span> <span class='ocrx_word' id='word_1_164' title='bbox 1018 2292 1109 2356; x_wconf 81' lang='lat' dir='ltr'>aditu</span> <span class='ocrx_word' id='word_1_165' title='bbox 1130 2293 1201 2376; x_wconf 69' lang='lat' dir='ltr'>qrod-</span> 
     </span>
     <span class='ocr_line' id='line_1_21' title="bbox 122 2390 1201 2478; baseline 0 -22"><span class='ocrx_word' id='word_1_166' title='bbox 122 2390 214 2474; x_wconf 70' lang='grc' dir='ltr'>ιῖενη,</span> <span class='ocrx_word' id='word_1_167' title='bbox 236 2393 282 2456; x_wconf 85' lang='lat' dir='ltr'>ad</span> <span class='ocrx_word' id='word_1_168' title='bbox 300 2407 453 2459; x_wconf 71' lang='lat' dir='ltr'>moriscum</span> <span class='ocrx_word' id='word_1_169' title='bbox 473 2395 561 2476; x_wconf 64' lang='lat' dir='ltr'>scil„</span> <span class='ocrx_word' id='word_1_170' title='bbox 593 2415 643 2455; x_wconf 83' lang='lat' dir='ltr'>me</span> <span class='ocrx_word' id='word_1_171' title='bbox 663 2394 816 2474; x_wconf 73' lang='lat' dir='ltr'>exclttsit,</span> <span class='ocrx_word' id='word_1_172' title='bbox 844 2415 942 2475; x_wconf 65' lang='lat' dir='ltr'>neusse</span> <span class='ocrx_word' id='word_1_173' title='bbox 958 2394 1119 2476; x_wconf 77' lang='lat' dir='ltr'>prohibuit</span> <span class='ocrx_word' id='word_1_174' title='bbox 1138 2418 1201 2478; x_wconf 76' lang='lat' dir='ltr'>quo</span> 
     </span>
     <span class='ocr_line' id='line_1_22' title="bbox 119 2493 1197 2576; baseline 0.005 -19"><span class='ocrx_word' id='word_1_175' title='bbox 119 2493 224 2557; x_wconf 73' lang='lat' dir='ltr'>ocinus</span> <span class='ocrx_word' id='word_1_176' title='bbox 235 2518 303 2558; x_wconf 74' lang='lat' dir='ltr'>mm</span> <span class='ocrx_word' id='word_1_177' title='bbox 315 2497 438 2576; x_wconf 79' lang='lat' dir='ltr'>funeris</span> <span class='ocrx_word' id='word_1_178' title='bbox 451 2518 545 2558; x_wconf 71' lang='lat' dir='ltr'>cosmo</span> <span class='ocrx_word' id='word_1_179' title='bbox 557 2517 698 2558; x_wconf 83' lang='lat' dir='ltr'>curarem</span> <span class='ocrx_word' id='word_1_180' title='bbox 714 2505 746 2555; x_wconf 81' lang='lat' dir='ltr'>et</span> <span class='ocrx_word' id='word_1_181' title='bbox 765 2516 891 2557; x_wconf 80' lang='lat' dir='ltr'>secum</span> <span class='ocrx_word' id='word_1_182' title='bbox 911 2517 975 2557; x_wconf 77' lang='lat' dir='ltr'>etna</span> <span class='ocrx_word' id='word_1_183' title='bbox 993 2515 1135 2558; x_wconf 71' lang='lat' dir='ltr'>versmer</span> <span class='ocrx_word' id='word_1_184' title='bbox 1141 2532 1197 2562; x_wconf 89' lang='lat'>—.</span> 
     </span>
     <span class='ocr_line' id='line_1_23' title="bbox 115 2591 1247 2682; baseline 0.004 -21"><span class='ocrx_word' id='word_1_185' title='bbox 115 2591 239 2661; x_wconf 82' lang='lat' dir='ltr'>‘Ondre</span> <span class='ocrx_word' id='word_1_186' title='bbox 260 2621 320 2662; x_wconf 91' lang='lat' dir='ltr'>cur</span> <span class='ocrx_word' id='word_1_187' title='bbox 340 2596 592 2682; x_wconf 76' lang='lat' dir='ltr'>qtsondoque&#39;dem</span> <span class='ocrx_word' id='word_1_188' title='bbox 611 2593 789 2673; x_wconf 84' lang='lat' dir='ltr'>verterim,</span> <span class='ocrx_word' id='word_1_189' title='bbox 826 2616 895 2658; x_wconf 93' lang='lat' dir='ltr'>non</span> <span class='ocrx_word' id='word_1_190' title='bbox 911 2606 1078 2678; x_wconf 64' lang='lat' dir='ltr'>postcomm</span> <span class='ocrx_word' id='word_1_191' title='bbox 1097 2596 1198 2682; x_wconf 87' lang='lat' dir='ltr'>periti</span> <span class='ocrx_word' id='word_1_192' title='bbox 1244 2660 1247 2665; x_wconf 90' lang='lat'><strong>.</strong></span> 
     </span>
     <span class='ocr_line' id='line_1_24' title="bbox 120 2693 1276 2783; baseline -0.001 -19"><span class='ocrx_word' id='word_1_193' title='bbox 120 2720 183 2764; x_wconf 80' lang='lat' dir='ltr'>suu</span> <span class='ocrx_word' id='word_1_194' title='bbox 198 2713 313 2783; x_wconf 88' lang='lat' dir='ltr'>sponte</span> <span class='ocrx_word' id='word_1_195' title='bbox 331 2697 527 2782; x_wconf 85' lang='lat' dir='ltr'>intelligent.</span> <span class='ocrx_word' id='word_1_196' title='bbox 570 2693 702 2763; x_wconf 86' lang='lat' dir='ltr'>Monuit</span> <span class='ocrx_word' id='word_1_197' title='bbox 717 2695 758 2760; x_wconf 91' lang='lat' dir='ltr'>de</span> <span class='ocrx_word' id='word_1_198' title='bbox 778 2694 970 2761; x_wconf 82' lang='lat' dir='ltr'>discrimine</span> <span class='ocrx_word' id='word_1_199' title='bbox 986 2695 1123 2783; x_wconf 83' lang='lat' dir='ltr'>pertico.</span> <span class='ocrx_word' id='word_1_200' title='bbox 1144 2696 1197 2763; x_wconf 79' lang='grc' dir='ltr'>ὅτε</span> <span class='ocrx_word' id='word_1_201' title='bbox 1270 2764 1276 2775; x_wconf 76' lang='grc'>,</span> 
     </span>
     <span class='ocr_line' id='line_1_25' title="bbox 121 2793 1194 2884; baseline 0.001 -19"><span class='ocrx_word' id='word_1_202' title='bbox 121 2814 156 2865; x_wconf 89' lang='lat' dir='ltr'>et</span> <span class='ocrx_word' id='word_1_203' title='bbox 187 2795 277 2863; x_wconf 79' lang='grc' dir='ltr'>ὁπότε</span> <span class='ocrx_word' id='word_1_204' title='bbox 305 2800 405 2864; x_wconf 84' lang='lat' dir='ltr'>etiem</span> <span class='ocrx_word' id='word_1_205' title='bbox 426 2798 611 2865; x_wconf 83' lang='lat' dir='ltr'>Hermann.</span> <span class='ocrx_word' id='word_1_206' title='bbox 639 2798 680 2862; x_wconf 82' lang='lat' dir='ltr'>ad</span> <span class='ocrx_word' id='word_1_207' title='bbox 703 2794 808 2884; x_wconf 87' lang='lat' dir='ltr'><strong>Soph.</strong></span> <span class='ocrx_word' id='word_1_208' title='bbox 832 2797 917 2865; x_wconf 92' lang='lat' dir='ltr'>Oed.</span> <span class='ocrx_word' id='word_1_209' title='bbox 942 2793 1016 2863; x_wconf 82' lang='lat' dir='ltr'>col.</span> <span class='ocrx_word' id='word_1_210' title='bbox 1038 2819 1073 2864; x_wconf 84' lang='lat' dir='ltr'>v.</span> <span class='ocrx_word' id='word_1_211' title='bbox 1097 2798 1194 2866; x_wconf 76' lang='lat'><strong>1696.</strong></span> 
     </span>
     <span class='ocr_line' id='line_1_26' title="bbox 121 2897 1289 2990; baseline 0.002 -23"><span class='ocrx_word' id='word_1_212' title='bbox 121 2900 323 2990; x_wconf 79' lang='lat' dir='ltr'>Optativnm&#39;</span> <span class='ocrx_word' id='word_1_213' title='bbox 336 2916 444 2966; x_wconf 86' lang='lat' dir='ltr'>autem</span> <span class='ocrx_word' id='word_1_214' title='bbox 458 2902 498 2966; x_wconf 84' lang='lat' dir='ltr'>ab</span> <span class='ocrx_word' id='word_1_215' title='bbox 512 2902 577 2966; x_wconf 91' lang='lat' dir='ltr'>hoc</span> <span class='ocrx_word' id='word_1_216' title='bbox 592 2900 666 2966; x_wconf 92' lang='lat' dir='ltr'>loco</span> <span class='ocrx_word' id='word_1_217' title='bbox 679 2899 827 2964; x_wconf 72' lang='lat' dir='ltr'>alienum</span> <span class='ocrx_word' id='word_1_218' title='bbox 837 2912 919 2964; x_wconf 80' lang='lat' dir='ltr'>&#39;esse</span> <span class='ocrx_word' id='word_1_219' title='bbox 939 2922 1008 2964; x_wconf 91' lang='lat' dir='ltr'>non</span> <span class='ocrx_word' id='word_1_220' title='bbox 1027 2897 1097 2990; x_wconf 84' lang='lat' dir='ltr'>jam</span> <span class='ocrx_word' id='word_1_221' title='bbox 1111 2922 1199 2986; x_wconf 82' lang='lat' dir='ltr'>opus·</span> <span class='ocrx_word' id='word_1_222' title='bbox 1282 2900 1289 2909; x_wconf 80' lang='grc'><em>’</em></span> 
     </span>
     <span class='ocr_line' id='line_1_27' title="bbox 118 3000 428 3069; baseline -0.006 0"><span class='ocrx_word' id='word_1_223' title='bbox 118 3017 170 3069; x_wconf 89' lang='lat' dir='ltr'>est</span> <span class='ocrx_word' id='word_1_224' title='bbox 191 3000 428 3068; x_wconf 79' lang='lat' dir='ltr'>demonstrare.</span> 
     </span>
    </p>

    <p class='ocr_par' dir='ltr' id='par_1_3' title="bbox 107 3099 1193 4311">
     <span class='ocr_line' id='line_1_28' title="bbox 206 3099 1192 3190; baseline 0.003 -22"><span class='ocrx_word' id='word_1_225' title='bbox 206 3104 243 3190; x_wconf 54' lang='grc' dir='ltr'>ᾗ.</span> <span class='ocrx_word' id='word_1_226' title='bbox 266 3105 324 3170; x_wconf 87' lang='lat'>38.</span> <span class='ocrx_word' id='word_1_227' title='bbox 348 3101 525 3183; x_wconf 72' lang='grc' dir='ltr'><em>βιάσασθαὶ</em></span> <span class='ocrx_word' id='word_1_228' title='bbox 554 3102 611 3186; x_wconf 70' lang='grc' dir='ltr'>μὲν</span> <span class='ocrx_word' id='word_1_229' title='bbox 631 3141 675 3155; x_wconf 82' lang='lat'>--</span> <span class='ocrx_word' id='word_1_230' title='bbox 695 3099 753 3169; x_wconf 76' lang='grc' dir='ltr'>οὐκ</span> <span class='ocrx_word' id='word_1_231' title='bbox 778 3100 867 3190; x_wconf 81' lang='grc' dir='ltr'><em>ᾤμην</em></span> <span class='ocrx_word' id='word_1_232' title='bbox 889 3103 961 3169; x_wconf 76' lang='grc' dir='ltr'>δεῖν.</span> <span class='ocrx_word' id='word_1_233' title='bbox 1003 3101 1192 3171; x_wconf 79' lang='lat' dir='ltr'>Pervellent</span> 
     </span>
     <span class='ocr_line' id='line_1_29' title="bbox 116 3200 1193 3288; baseline 0 -17"><span class='ocrx_word' id='word_1_234' title='bbox 116 3200 297 3271; x_wconf 84' lang='lat' dir='ltr'>Bekkerus</span> <span class='ocrx_word' id='word_1_235' title='bbox 318 3206 358 3270; x_wconf 92' lang='lat' dir='ltr'>de</span> <span class='ocrx_word' id='word_1_236' title='bbox 379 3206 542 3271; x_wconf 88' lang='lat' dir='ltr'>librorum</span> <span class='ocrx_word' id='word_1_237' title='bbox 565 3204 705 3271; x_wconf 90' lang='lat' dir='ltr'>lectione</span> <span class='ocrx_word' id='word_1_238' title='bbox 727 3205 883 3270; x_wconf 81' lang='lat' dir='ltr'>certiores</span> <span class='ocrx_word' id='word_1_239' title='bbox 904 3227 965 3269; x_wconf 88' lang='lat' dir='ltr'>nos</span> <span class='ocrx_word' id='word_1_240' title='bbox 985 3203 1126 3288; x_wconf 76' lang='lat' dir='ltr'>fecisset,</span> <span class='ocrx_word' id='word_1_241' title='bbox 1144 3221 1193 3271; x_wconf 91' lang='lat' dir='ltr'>..ut</span> 
     </span>
     <span class='ocr_line' id='line_1_30' title="bbox 117 3304 1193 3396; baseline -0.002 -23"><span class='ocrx_word' id='word_1_242' title='bbox 117 3321 282 3373; x_wconf 84' lang='lat' dir='ltr'>constaret</span> <span class='ocrx_word' id='word_1_243' title='bbox 303 3308 466 3373; x_wconf 88' lang='lat' dir='ltr'>horumne</span> <span class='ocrx_word' id='word_1_244' title='bbox 487 3307 715 3373; x_wconf 79' lang='lat' dir='ltr'>auctoritatem</span> <span class='ocrx_word' id='word_1_245' title='bbox 741 3332 784 3373; x_wconf 87' lang='lat' dir='ltr'>an</span> <span class='ocrx_word' id='word_1_246' title='bbox 806 3330 902 3373; x_wconf 87' lang='lat' dir='ltr'>suum</span> <span class='ocrx_word' id='word_1_247' title='bbox 923 3328 963 3372; x_wconf 81' lang='lat' dir='ltr'>ao</span> <span class='ocrx_word' id='word_1_248' title='bbox 983 3304 1117 3372; x_wconf 76' lang='lat' dir='ltr'>Reiskii</span> <span class='ocrx_word' id='word_1_249' title='bbox 1137 3305 1193 3396; x_wconf 89' lang='lat' dir='ltr'>ju·</span> 
     </span>
     <span class='ocr_line' id='line_1_31' title="bbox 116 3398 1191 3497; baseline 0.001 -24"><span class='ocrx_word' id='word_1_250' title='bbox 116 3407 242 3474; x_wconf 89' lang='lat' dir='ltr'>dicium</span> <span class='ocrx_word' id='word_1_251' title='bbox 264 3424 418 3496; x_wconf 86' lang='lat' dir='ltr'>sequutus</span> <span class='ocrx_word' id='word_1_252' title='bbox 440 3408 483 3474; x_wconf 88' lang='lat' dir='ltr'>sit</span> <span class='ocrx_word' id='word_1_253' title='bbox 504 3409 566 3473; x_wconf 81' lang='grc' dir='ltr'>δεῖν</span> <span class='ocrx_word' id='word_1_254' title='bbox 587 3398 689 3496; x_wconf 76' lang='lat' dir='ltr'>quum</span> <span class='ocrx_word' id='word_1_255' title='bbox 710 3409 905 3474; x_wconf 82' lang='lat' dir='ltr'>rescriberet</span> <span class='ocrx_word' id='word_1_256' title='bbox 924 3430 987 3497; x_wconf 87' lang='lat' dir='ltr'>pro</span> <span class='ocrx_word' id='word_1_257' title='bbox 1007 3423 1119 3474; x_wconf 86' lang='lat' dir='ltr'>vetere</span> <span class='ocrx_word' id='word_1_258' title='bbox 1140 3409 1191 3474; x_wconf 92' lang='lat' dir='ltr'>le-</span> 
     </span>
     <span class='ocr_line' id='line_1_32' title="bbox 115 3506 1190 3598; baseline 0 -23"><span class='ocrx_word' id='word_1_259' title='bbox 115 3509 226 3576; x_wconf 87' lang='lat' dir='ltr'>ctione</span> <span class='ocrx_word' id='word_1_260' title='bbox 249 3509 304 3574; x_wconf 82' lang='grc' dir='ltr'>οὐκ</span> <span class='ocrx_word' id='word_1_261' title='bbox 326 3508 414 3598; x_wconf 83' lang='grc' dir='ltr'><em>ᾤμην</em></span> <span class='ocrx_word' id='word_1_262' title='bbox 434 3507 493 3594; x_wconf 77' lang='grc' dir='ltr'>δή,</span> <span class='ocrx_word' id='word_1_263' title='bbox 523 3535 622 3597; x_wconf 84' lang='lat' dir='ltr'>quam</span> <span class='ocrx_word' id='word_1_264' title='bbox 644 3526 759 3576; x_wconf 82' lang='lat' dir='ltr'>contra</span> <span class='ocrx_word' id='word_1_265' title='bbox 780 3510 886 3577; x_wconf 83' lang='lat' dir='ltr'>libros</span> <span class='ocrx_word' id='word_1_266' title='bbox 906 3506 1058 3594; x_wconf 88' lang='lat' dir='ltr'>equidem</span> <span class='ocrx_word' id='word_1_267' title='bbox 1079 3522 1190 3575; x_wconf 81' lang='lat' dir='ltr'>muta·</span> 
     </span>
     <span class='ocr_line' id='line_1_33' title="bbox 114 3608 1192 3700; baseline 0.001 -24"><span class='ocrx_word' id='word_1_268' title='bbox 114 3624 185 3677; x_wconf 80' lang='lat' dir='ltr'>tam</span> <span class='ocrx_word' id='word_1_269' title='bbox 207 3611 325 3680; x_wconf 86' lang='lat' dir='ltr'>nolim.</span> <span class='ocrx_word' id='word_1_270' title='bbox 377 3608 464 3679; x_wconf 88' lang='lat' dir='ltr'>Sunt</span> <span class='ocrx_word' id='word_1_271' title='bbox 493 3612 584 3678; x_wconf 88' lang='lat' dir='ltr'>enim</span> <span class='ocrx_word' id='word_1_272' title='bbox 611 3613 679 3678; x_wconf 91' lang='lat' dir='ltr'>loci</span> <span class='ocrx_word' id='word_1_273' title='bbox 701 3637 768 3679; x_wconf 91' lang='lat' dir='ltr'>non</span> <span class='ocrx_word' id='word_1_274' title='bbox 788 3610 904 3700; x_wconf 77' lang='lat' dir='ltr'>petrei,</span> <span class='ocrx_word' id='word_1_275' title='bbox 936 3609 1113 3696; x_wconf 82' lang='lat' dir='ltr'>inquibus</span> <span class='ocrx_word' id='word_1_276' title='bbox 1134 3609 1192 3677; x_wconf 85' lang='lat' dir='ltr'>his</span> 
     </span>
     <span class='ocr_line' id='line_1_34' title="bbox 111 3710 1188 3800; baseline -0.004 -20"><span class='ocrx_word' id='word_1_277' title='bbox 111 3712 226 3780; x_wconf 79' lang='lat' dir='ltr'>verbis</span> <span class='ocrx_word' id='word_1_278' title='bbox 248 3712 371 3779; x_wconf 73' lang='grc' dir='ltr'><em>οἴεσθαι</em></span> <span class='ocrx_word' id='word_1_279' title='bbox 382 3762 393 3793; x_wconf 90' lang='grc'>,</span> <span class='ocrx_word' id='word_1_280' title='bbox 425 3714 570 3796; x_wconf 75' lang='grc' dir='ltr'><em>νομίζειν,</em></span> <span class='ocrx_word' id='word_1_281' title='bbox 602 3710 748 3799; x_wconf 71' lang='grc' dir='ltr'>ἡγεῖσθαι</span> <span class='ocrx_word' id='word_1_282' title='bbox 767 3713 920 3800; x_wconf 80' lang='lat' dir='ltr'>adjuncto</span> <span class='ocrx_word' id='word_1_283' title='bbox 942 3724 990 3776; x_wconf 93' lang='lat' dir='ltr'>est</span> <span class='ocrx_word' id='word_1_284' title='bbox 1012 3711 1114 3777; x_wconf 86' lang='lat' dir='ltr'>etiam</span> <span class='ocrx_word' id='word_1_285' title='bbox 1132 3734 1188 3777; x_wconf 85' lang='lat' dir='ltr'>oo·</span> 
     </span>
     <span class='ocr_line' id='line_1_35' title="bbox 111 3811 1187 3903; baseline 0.001 -25"><span class='ocrx_word' id='word_1_286' title='bbox 111 3815 246 3878; x_wconf 68' lang='grc' dir='ltr'>ῑνινιῑατνὶν</span> <span class='ocrx_word' id='word_1_287' title='bbox 273 3815 488 3902; x_wconf 81' lang='lat' dir='ltr'>significatio,</span> <span class='ocrx_word' id='word_1_288' title='bbox 523 3840 606 3903; x_wconf 84' lang='lat' dir='ltr'>quse</span> <span class='ocrx_word' id='word_1_289' title='bbox 633 3817 750 3882; x_wconf 85' lang='lat' dir='ltr'>eadem·</span> <span class='ocrx_word' id='word_1_290' title='bbox 770 3815 857 3880; x_wconf 89' lang='lat' dir='ltr'>inest</span> <span class='ocrx_word' id='word_1_291' title='bbox 878 3813 978 3880; x_wconf 83' lang='lat' dir='ltr'>etism</span> <span class='ocrx_word' id='word_1_292' title='bbox 1006 3812 1043 3878; x_wconf 89' lang='lat' dir='ltr'>in</span> <span class='ocrx_word' id='word_1_293' title='bbox 1064 3811 1187 3879; x_wconf 79' lang='lat' dir='ltr'>Latino</span> 
     </span>
     <span class='ocr_line' id='line_1_36' title="bbox 110 3909 1188 4001; baseline -0.005 -19"><span class='ocrx_word' id='word_1_294' title='bbox 110 3916 216 3982; x_wconf 80' lang='lat' dir='ltr'>verbo</span> <span class='ocrx_word' id='word_1_295' title='bbox 237 3919 358 3999; x_wconf 80' lang='lat' dir='ltr'>cogito,</span> <span class='ocrx_word' id='word_1_296' title='bbox 391 3917 429 3982; x_wconf 91' lang='lat' dir='ltr'>iu</span> <span class='ocrx_word' id='word_1_297' title='bbox 451 3931 563 3983; x_wconf 88' lang='lat' dir='ltr'>nostro</span> <span class='ocrx_word' id='word_1_298' title='bbox 583 3919 724 3995; x_wconf 75' lang='lat' dir='ltr'>denkm,</span> <span class='ocrx_word' id='word_1_299' title='bbox 757 3917 932 3998; x_wconf 77' lang='lat' dir='ltr'>gedenkett.</span> <span class='ocrx_word' id='word_1_300' title='bbox 980 3913 1094 4001; x_wconf 72' lang='lat' dir='ltr'>ltaque</span> <span class='ocrx_word' id='word_1_301' title='bbox 1113 3909 1188 3992; x_wconf 74' lang='grc' dir='ltr'>βιά-</span> 
     </span>
     <span class='ocr_line' id='line_1_37' title="bbox 110 4014 1186 4107; baseline 0.004 -28"><span class='ocrx_word' id='word_1_302' title='bbox 110 4021 235 4081; x_wconf 78' lang='grc' dir='ltr'><strong><em>σασθαι</em></strong></span> <span class='ocrx_word' id='word_1_303' title='bbox 257 4015 313 4082; x_wconf 74' lang='grc' dir='ltr'>οὐκ</span> <span class='ocrx_word' id='word_1_304' title='bbox 334 4016 423 4104; x_wconf 76' lang='grc' dir='ltr'><em>ᾤμην</em></span> <span class='ocrx_word' id='word_1_305' title='bbox 442 4042 503 4107; x_wconf 89' lang='lat' dir='ltr'>pro</span> <span class='ocrx_word' id='word_1_306' title='bbox 524 4015 703 4103; x_wconf 70' lang='grc' dir='ltr'><strong><em>βιάσασθαι</em></strong></span> <span class='ocrx_word' id='word_1_307' title='bbox 723 4014 780 4081; x_wconf 79' lang='grc' dir='ltr'>οὐκ</span> <span class='ocrx_word' id='word_1_308' title='bbox 802 4014 974 4100; x_wconf 73' lang='grc' dir='ltr'><em>ἐβουλόμην</em></span> <span class='ocrx_word' id='word_1_309' title='bbox 993 4039 1063 4082; x_wconf 87' lang='lat' dir='ltr'>non</span> <span class='ocrx_word' id='word_1_310' title='bbox 1074 4015 1186 4085; x_wconf 79' lang='lat' dir='ltr'>minus</span> 
     </span>
     <span class='ocr_line' id='line_1_38' title="bbox 108 4117 1186 4205; baseline -0.001 -23"><span class='ocrx_word' id='word_1_311' title='bbox 108 4128 200 4182; x_wconf 84' lang='lat' dir='ltr'>recte</span> <span class='ocrx_word' id='word_1_312' title='bbox 222 4118 361 4203; x_wconf 86' lang='lat' dir='ltr'>dicitur,</span> <span class='ocrx_word' id='word_1_313' title='bbox 393 4143 492 4205; x_wconf 82' lang='lat' dir='ltr'>qnam</span> <span class='ocrx_word' id='word_1_314' title='bbox 512 4121 546 4185; x_wconf 81' lang='lat' dir='ltr'>oi</span> <span class='ocrx_word' id='word_1_315' title='bbox 565 4144 660 4202; x_wconf 83' lang='lat' dir='ltr'>ogere</span> <span class='ocrx_word' id='word_1_316' title='bbox 680 4141 743 4183; x_wconf 80' lang='lat' dir='ltr'>oon</span> <span class='ocrx_word' id='word_1_317' title='bbox 758 4118 937 4201; x_wconf 72' lang='lat' dir='ltr'>cogitabam</span> <span class='ocrx_word' id='word_1_318' title='bbox 956 4140 1023 4205; x_wconf 82' lang='lat' dir='ltr'>pro¹</span> <span class='ocrx_word' id='word_1_319' title='bbox 1037 4117 1070 4181; x_wconf 79' lang='lat' dir='ltr'>vi</span> <span class='ocrx_word' id='word_1_320' title='bbox 1088 4140 1186 4199; x_wconf 74' lang='lat' dir='ltr'>ogere</span> 
     </span>
     <span class='ocr_line' id='line_1_39' title="bbox 107 4216 1183 4311; baseline 0.003 -27"><span class='ocrx_word' id='word_1_321' title='bbox 107 4217 266 4287; x_wconf 74' lang='lat' dir='ltr'>uolebam.</span> <span class='ocrx_word' id='word_1_322' title='bbox 310 4218 473 4311; x_wconf 78' lang='lat' dir='ltr'>Exempla</span> <span class='ocrx_word' id='word_1_323' title='bbox 492 4220 562 4289; x_wconf 82' lang='lat' dir='ltr'>vid.</span> <span class='ocrx_word' id='word_1_324' title='bbox 574 4230 628 4310; x_wconf 80' lang='lat' dir='ltr'>sp.</span> <span class='ocrx_word' id='word_1_325' title='bbox 642 4219 821 4291; x_wconf 85' lang='lat' dir='ltr'>Heindorf.</span> <span class='ocrx_word' id='word_1_326' title='bbox 840 4220 882 4287; x_wconf 81' lang='lat' dir='ltr'>sd</span> <span class='ocrx_word' id='word_1_327' title='bbox 895 4218 1029 4288; x_wconf 81' lang='lat' dir='ltr'>Platon.</span> <span class='ocrx_word' id='word_1_328' title='bbox 1044 4216 1183 4305; x_wconf 54' lang='lat' dir='ltr'>Procas.</span> 
     </span>
    </p>
   </div>
   <div class='ocr_carea' id='block_1_3' title="bbox 0 0 1320 4800">
    <p class='ocr_par' dir='ltr' id='par_1_4' title="bbox 0 0 1320 4800">
     <span class='ocr_line' id='line_1_40' title="bbox 0 0 1320 4800; baseline 0 9"><span class='ocrx_word' id='word_1_329' title='bbox 0 0 1320 4800; x_wconf 95' lang='lat' dir='ltr'> </span> 
     </span>
    </p>
   </div>
  </div>
 </body>
</html>
