2632 4800
195 248 263 318 204
540 243 907 319 ³·1N’ouamormrr

281 418 411 482 ἀπαιδα.
439 416 637 506 ΗιιΡοοιιιι.
670 440 705 483 v.
741 412 849 500 ἀγενῆς
878 417 1009 485 Isaeum
1034 419 1072 486 in
1103 422 1166 489 hae
1195 415 1297 492 ore-¹

195 522 310 588 tione
302 518 441 585 alicubi
467 514 575 602 άνενῆς
601 541 664 606 pro
692 515 788 592 άτοις
813 516 941 586 dixisse
970 534 1119 590 ιειιιιιιι.
1162 525 1272 612 Atqui

194 623 245 689 in
261 635 329 686 ιοιιι
358 618 507 686 oratione
535 643 624 685 nuno
655 617 789 704 quidem
822 620 933 686 iilud
941 646 1104 709 nusquam
1132 625 1271 712 legitur,

182 704 410 843 quamohrem
436 736 493 786 aut
514 743 640 789 errasse
662 718 960 810 Harpocrationem
982 738 1110 813 oportet
1128 725 1166 791 in
1188 750 1267 793 ora-

192 824 295 891 aionis
322 822 420 887 mulo
419 867 439 915 ,
470 837 527 895 aut
557 821 699 900 alicubi,
723 818 789 886 vel
809 822 874 887 hoo
902 825 984 890 loco
997 827 1054 892 vel
1073 827 1180 910 unfra,
1210 828 1272 894 ubi

194 920 412 1012 aliquoties
390 945 487 998 απαις
504 921 686 1010 legitur,
672 921 862 989 inusitatius
876 927 1077 992 vocabulum
1099 952 1176 995 cum
1196 929 1271 995 usi-

68 1062 93 1075 ·-
194 1027 312 1094 tutiore
343 1049 364 1091 ιι
392 1020 542 1090 librariis
565 1037 801 1089 commutatum
828 1040 889 1103 eet,
911 1042 967 1091 aut
990 1024 1133 1115 de'niqne
1155 1026 1271 1096 extitit

194 1127 304 1214 ἀγενὴς
331 1127 367 1192 in
394 1124 560 1223 adscripta
582 1123 701 1210 aliqua
731 1125 806 1211 lege
826 1126 1110 1214 ισΙίοιιίιιιοιιίο,
1142 1154 1226 1216 quae
1248 1155 1271 1198 a

155 1221 157 1226 ¹
192 1229 319 1297 nostrie
336 1225 503 1293 codicibus
515 1226 647 1294 obeunt
691 1223 823 1292 Gitatur
844 1243 955 1295 autem
976 1229 1085 1314 ἀγενὴς
1105 1255 1149 1296 ex
1160 1232 1270 1316 leaeo,

157 1331 161 1341 ’
192 1333 250 1399 o'ed
271 1322 348 1397 min
362 1343 618 1410 commemorato
638 1302 797 1394 orationis
818 1327 933 1437 utulo,
967 1332 1068 1396 etiam
1089 1355 1108 1397 a
1130 1332 1270 1399 Polluce

191 1432 382 1520 lll,15.·
451 1476 454 1481 ·
501 1473 529 1485 -·

278 1534 315 1621 ᾗ.
337 1535 372 1598 7.
395 1530 462 1614 τὴν
455 1524 596 1614 ἡλικίαν
615 1466 819 1656 ὑφορᾶσθαι.
857 1531 1022 1600 Similiter
1043 1533 1084 1599 de
1104 1535 1267 1624 Apollod.

190 1574 264 1704 her.
288 1635 325 1722 ᾧ.
349 1629 413 1700 143
441 1630 499 1716 τὴν
506 1630 696 1758 ηλικάαν
660 1658 718 1716 την
738 1629 850 1697 ἑαυτοῦ
870 1632 1167 1718 καταμεμψάμενος

187 1738 189 1741 ’
276 1734 383 1810 ἱκανὸς
408 1732 468 1820 γὰρ
494 1732 554 1820 ἔφη
577 1732 813 1829 αὐτὸςιάταχῶν
841 1730 928 1799 ειναι.
979 1730 1145 1804 Athenae.
1171 1736 1215 1803 X'
1231 1763 1266 1827 p.

189 1840 265 1908 435.
311 1837 512 1920 Ἀντίπατρος
542 1833 648 1911 ἱκανάς
674 1836 739 1900 ἔστι
758 1832 876 1920 νήφων.
919 1833 1067 1903 Eandem
1089 1839 1265 1906 attractio·

190 1968 267 2009 nem
288 1953 362 2030 post
382 1934 545 2025 κρείττοιν,
564 1939 709 2019 ίβελτλων.
722 1960 761 2003 uo
782 1937 908 2004 similia
930 1939 1093 2028 exemplis
1113 1940 1266 2007 illustra·
1305 2004 1307 2009 ,

189 2043 240 2110 vit
260 2041 410 2108 Loheck.
433 2041 473 2105 ad
502 2037 539 2107 S.
561 2039 620 2130 Aj.
644 2037 719 2106 634.

186 2131 232 2194 ··’
274 2143 311 2231 §.
340 2144 375 2208 8.
407 2134 501 2225 δῆλον
532 2139 580 2216 ὅτι
616 2146 714 2226 φιλῶν
744 2137 927 2223 ἀπεβάλετα
984 2142 1038 2207 De
1067 2142 1266 2210 dimittenda

185 2260 296 2312 uxore
318 2245 400 2311 alioi
421 2262 528 2329 neque
549 2240 736 2324 ἀποβάλλειν
756 2245 941 2329 melegere
964 2244 1122 2328 memini,
1155 2269 1265 2332 nequo

181 2332 443 2429 ἀποβάλλεσθαι,
483 2345 570 2463 quod
601 2344 734 2431 quidem
765 2344 895 2410 Orellio
933 2345 1114 2415 divortium
1146 2354 1263 2412 mutuo

181 2436 304 2516 -iirariti
331 2463 364 2514 et
391 2447 524 2513 uxoris
544 2470 724 2513 consensu
737 2447 862 2511 factum
897 2444 1085 2534 significare
1115 2447 1262 2514 videtur.

179 2551 268 2618 “Ao
257 2573 327 2640 ipsa
343 2548 402 2616 vio
423 2548 518 2616 verbi
540 2563 578 2613 ιιι
598 2548 684 2613 hano
699 2547 974 2632 significationem
996 2547 1147 2614 admittat
1167 2549 1264 2635 equi·

181 2654 264 2718 hem
286 2675 486 2739 magnopere
506 2644 637 2716 vereor.
680 2649 792 2736 Neque
814 2645 967 2728 ἐκβάλλειν
988 2674 1022 2715 v.
1052 2646 1263 2729 εκβάλλεσθαι

182 2755 235 2820 eie
250 2755 311 2827 toli
339 2752 483 2818 divortio
506 2752 571 2816 dici
600 2752 731 2840 potuit,
764 2753 963 2837 omninoque
986 2749 1106 2814 nihil
1095 2751 1260 2831 invenias,

188 2857 273 2945 quod
304 2869 417 2944 aptam
439 2853 517 2919 huic
545 2856 617 2919 loco
639 2855 702 2936 sit,
735 2878 840 2940 neque
862 2869 972 2916 tamen
993 2851 1094 2917 nimis
1117 2875 1136 2916 a
1158 2853 1252 2918 codi-

188 2980 264 3022 oum
289 2956 454 3046 scripturo
469 2956 628 3039 recedat,
663 2954 729 3020 nisi
750 2957 834 3020 sorte
864 2950 1073 3037 ἀπηλλάττετο
1095 2952 1262 3042 scriptum

156 3138 159 3143 .
186 3046 289 3126 frisie
312 3057 489 3147 conjicias:
525 3058 670 3142 separari
692 3060 813 3123 voluit..
843 3055 917 3120 Hoc
940 3054 1030 3120 enim
1052 3055 1091 3119 de
1114 3055 1261 3122 divortio

185 3161 318 3246 legitur·
341 3158 380 3223 in
412 3182 463 3224 or.
496 3158 536 3223 de
568 3159 692 3249 Pyrrh.
726 3159 799 3223 her.
832 3157 870 3244 ᾧ.
902 3160 964 3224 28:
1004 3153 1262 3221 ἀπαλλάττεσθαι

139 3277 145 3291 ’
187 3258 280 3327 ὁπότε
300 3259 443 3340 βούλοιτο
465 3265 523 3340 τῆς
542 3257 695 3342 γυναικός.
748 3259 958 3344 Quamquam
979 3257 1029 3322 ibi
1051 3258 1090 3322 de
1113 3282 1152 3323 eo
1175 3258 1263 3324 dici-

184 3379 259 3447 ιιι,
296 3385 393 3448 quem
420 3360 539 3426 uxoris
569 3384 647 3426 suae
679 3361 825 3424 taedium
845 3360 952 3446 oepit.
1004 3359 1116 3444 Neque
1144 3375 1262 3427 tamen

187 3488 317 3554 semper
339 3484 376 3527 ac
399 3461 583 3529 necessario
606 3462 645 3526 de
667 3461 815 3528 molestis
838 3477 965 3526 tentum
987 3475 1018 3524 ει
1039 3459 1182 3546 ingratis
1203 3484 1262 3526 re·

182 3566 247 3632 hus
288 3558 549 3629 ἀπαλλάττεσθαι
585 3562 727 3646 dicitur,
762 3560 1076 3661 quandoquidem'
1065 3586 1097 3624 εκ
1134 3563 1262 3627 παίδων

185 3665 433 3748 άπαλλαγείςιιι
451 3647 708 3752 αΡιιάΑοιιλιίιι.
732 3664 818 3730 def.
842 3665 866 3729 l.
889 3689 923 3779 p.
914 3665 1016 3747 4329,
1038 3676 1071 3727 et
1090 3658 1134 3736 ὥς
1155 3661 1264 3747 ἀπηλ-

183 3764 262 3851 λάμη
284 3764 371 3847 παρὰ
399 3770 455 3829 τοῦ
479 3765 679 3840 Ἀντικλέους
689 3775 741 3854 ap.
764 3766 897 3831 eund.
884 3789 922 3829 ιιι
945 3764 1121 3829 Timarch.
1142 3788 1178 3852 p.
1201 3767 1262 3853 78,

183 3864 227 3942 ὥς
247 3864 465 3949 ἀπήλλακτο
446 3867 507 3931 απὸ
529 3873 585 3932 τοῦ
607 3865 809 3933 Πιτταλάκου
830 3866 875 3931 ib.
899 3892 932 3954 p.
956 3867 1010 3945 81,
1033 3865 1073 3930 de
1095 3866 1263 3935 consortii

181 3968 350 4034 inhonesu
378 3966 531 4053 quidem,
564 3971 619 4036 sed
643 3970 826 4036 Timarcho
856 3983 968 4034 tamen
995 3990 1101 4052 neque
1121 3968 1262 4035 molem

180 4093 286 4156 neque
324 4068 450 4152 ingrati
474 4069 709 4137 dissolutione.
730 4109 791 4165 .*‘'
812 4068 877 4136 Sed
907 4066 1115 4135 manifestius
1151 4067 1262 4137 etiam

181 4193 264 4259 quoe
285 4168 439 4259 proxime
458 4186 640 4256 sequuntur
655 4188 810 4261 corrupta
832 4184 925 4238 sunta
954 4167 1052 4245 οὐδεὶς
1070 4167 1131 4256 γὰρ
1151 4175 1261 4254 μισολν
