2632 4800
163 221 229 297 248
462 226 482 280 s
520 216 569 291 ΙΝ
591 212 873 291 ΟΒΑΤΙΟΝΕΜ

163 392 236 461 ulla
255 386 394 481 proinde
414 385 599 478 probabilis
619 409 718 456 causa
738 400 805 472 eat,
834 400 872 453 ut
892 384 979 478 patri
999 409 1128 475 quoquo
1146 385 1241 454 filiae

165 516 287 562 nomen
314 490 467 576 ignotum
493 488 596 555 fuisse
628 488 739 556 videri
765 489 907 556 dicatur.
967 484 1042 556 Sed-
1063 486 1145 555 talia
1169 511 1243 556 non

141 662 144 667 ,
165 616 270 687 pauca
296 604 374 658 sunt
405 590 490 679 apud
519 602 685 674 oratores,
715 589 921 681 auditoribus
949 588 1092 679 scripta,‘
1117 588 1176 676 qui
1196 590 1241 656 ad

166 692 326 763 amussim
353 691 467 760 omnia
496 690 689 758 examinare
715 715 821 778 neque
841 691 948 759 velint
974 714 1079 777 neque
1099 690 1242 780 possint.

108 844 122 859 2
167 792 325 865 (laterum
354 790 397 867 ὥς
423 815 503 877 φασι
531 816 578 858 ex
598 791 733 880 optimis
754 792 849 860 eodd.
872 792 1024 876 restitui,
1054 816 1155 879 quum
1174 795 1243 861 ho·

166 921 244 965 rum
270 893 463 962 auctoritate
489 908 678 982 permotus,
709 907 780 964 tum
803 894 888 980 quod
915 892 1054 982 pluralis
1074 894 1110 960 h.
1132 895 1158 960 l.
1180 918 1244 961 sua

64 1064 66 1069 ,
168 1011 283 1088 sponte
302 1009 469 1085 praestare
489 994 664 1062 videbatur
678 993 860 1081 singulari,
886 994 942 1060 oni
956 984 1034 1082 quid
1056 994 1253 1084 subjectum.

168 1099 212 1167 sit
231 1097 402 1183 ambigas,
430 1096 572 1164 Philone
593 1119 637 1162 an
658 1111 763 1163 mater
784 1118 829 1162 an
849 1096 1078 1182 adversarium
1098 1120 1179 1165 nam
1201 1097 1244 1164 de

128 1286 130 1291 Ι
167 1213 262 1291 patre
284 1198 430 1286 cogitare
452 1221 505 1263 res
526 1197 605 1286 ipsa·
620 1211 720 1265 vetat.
1295 1200 1298 1203 ’

252 1301 322 1384 περὶ
341 1297 411 1416 μὲν
419 1294 538 1364 τούτων
559 1300 612 1363 καὶ
631 1297 760 1385 ὕστερον
780 1333 834 1366 -·-.
854 1299 929 1368 Νοιι
952 1301 1061 1368 deltis
1085 1299 1178 1367 rebam
1198 1328 1245 1354 ..-.

168 1425 276 1489 neque
308 1401 399 1487 enim
430 1400 471 1466 ad
501 1401 587 1466 hanc
616 1400 656 1466 de
683 1401 819 1471 nomine
849 1402 1072 1489 quaestionem
1101 1425 1245 1488 usquam

168 1494 306 1595 posthac
332 1502 511 1578 revertitur
530 1539 592 1587 -,
621 1502 679 1569 sed
697 1502 743 1570 de
762 1505 811 1570 lu‘o
829 1504 1001 1571 homiuibus
1021 1503 1078 1590 qni
1100 1501 1249 1570 Glitare-

169 1617 243 1675 tam
264 1603 401 1674 mulieri
427 1627 551 1671 nomen
570 1602 785 1692 impositum,
813 1628 911 1690 seque
933 1604 987 1670 die
1007 1594 1172 1670 nominali
1193 1604 1248 1681 at-

169 1706 273 1773 luisse
303 1705 504 1793 omninoque
530 1705 714 1793 legitimam
744 1729 815 1773 esse
842 1704 965 1772 Philen
995 1705 1104 1787 testati
1134 1718 1246 1774 erant.
1300 1751 1303 1756 -

171 1806 226 1895 Ad
249 1808 312 1875 hos
332 1805 423 1874 enim
443 1806 689 1895 redarguendos
710 1808 795 1875 redit
815 1807 906 1874 infra
927 1813 961 1889 3.
983 1809 1038 1883 63.

258 1908 296 1997 3.
318 1909 373 1977 35.
401 1904 456 1974 ἐόν
481 1908 529 1984 τίς
557 1933 587 1974 τι
617 1906 766 1994 ἀτίμητον
794 1910 851 1995 δῷ.
895 1908 941 1977 Η.
970 1934 1000 1976 e.
1022 1906 1066 1993 μὴ
1088 1907 1121 1973 ἔν
1137 1876 1251 1994 apostol

155 2009 398 2094 τετιμημένον,
410 2025 447 2079 ut
460 2008 700 2081 Demosthenes
713 1975 862 2128 loquitur
882 2026 943 2079 otr.
961 2009 1084 2097 Euerg.
1106 2009 1252 2129 p..115li,

100 2151 107 2161 »
173 2111 228 2179 15.
273 2111 443 2198 Quidquid
471 2135 539 2180 non
561 2111 646 2178 dotis
675 2112 809 2179 nomine
831 2113 944 2180 datum
966 2127 1032 2197 est,
1054 2134 1160 2199 neque
1181 2111 1252 2196 igi·

44 2264 47 2269 -
173 2228 230 2281 tur
257 2212 484 2294 aestimatum,
520 2227 558 2279 ut
587 2212 770 2298 ἀποτίμημα
800 2213 960 2280 emerito
983 2213 1251 2295 constitueretur,

173 2313 302 2403 reposci
323 2316 432 2382 soluto
454 2314 665 2382 matrimonio
685 2339 754 2382 non
775 2329 891 2404 potest.
937 2314 1185 2393 Vid.,Bunaen.
1207 2314 1252 2380 do

40 2408 44 2416 ’
73 2442 75 2447 ·
174 2413 240 2507 jur.
268 2416 340 2487 lter.
368 2442 402 2507 p.
424 2414 479 2484 43.
500 2415 616 2483 Meier.
637 2417 677 2482 de
699 2417 771 2484 ord.
793 2415 861 2508 jud.
890 2441 923 2505 p.
944 2415 1021 2485 411.
1040 2415 1191 2485 Platnar.
1212 2412 1253 2483 Π

74 2602 77 2607 .
175 2541 211 2608 p.
238 2518 314 2586 163.
345 2517 515 2608 Apparet
538 2532 650 2584 autem
676 2518 785 2583 δοῦναι
810 2516 898 2583 ἕνεκα
929 2523 985 2583 τοῦ
1019 2514 1120 2603 γάμου
1148 2518 1252 2603 longe

55 2640 59 2651 ⁴
177 2617 269 2690 aliud
308 2642 396 2706 esse,
435 2644 534 2708 quam
567 2620 690 2687 ἅααανα
718 2633 851 2707 propter
879 2621 1005 2707 nuptias
1034 2620 1121 2710 apud
1151 2615 1251 2688 thos

176 2718 358 2791 Romanos.

263 2822 300 2910 3.
323 2825 376 2890 36.
419 2823 579 2909 γινομένης
614 2826 657 2900 εἰς
690 2821 796 2889 αὐτόν.
851 2821 1132 2911 Frequentissima
1163 2820 1251 2910 apud

178 2938 326 2991 oratores
356 2926 504 3012 loquutio
532 2928 692 3011 γίγνεσθαι
713 2925 756 3001 εἴς
774 2950 843 2990 τινα
866 2950 899 2993 v.
929 2926 1007 3005 τινί,
1041 2923 1187 2990 amende
1207 2914 1281 2988 af
1305 2927 1314 2983 “.

99 3093 106 3111 .
178 3025 332 3110 aliquem,
362 3029 459 3093 alicui
475 3052 521 3094 ex
531 3029 611 3113 jora
624 3028 741 3095 deam.
786 3025 840 3100 cf.
862 3027 943 3096 inlr.
961 3027 998 3116 3.
1013 3027 1066 3095 38.
1087 3024 1250 3112 deHagn.
1291 3071 1314 3093 ⁴

179 3125 294 3193 hored.
318 3126 425 3214 310.
448 3129 499 3194 13.
522 3132 577 3196 22.
599 3129 654 3197 49.
676 3128 842 3197 Andocid.
866 3128 906 3194 de
927 3144 1029 3220 myst.
1050 3153 1084 3216 p.
1096 3127 1142 3205 58
1161 3141 1251 3194 extr.
1280 3172 1314 3195 .

265 3227 303 3316 3.
325 3231 380 3296 37.
416 3227 572 3316 ὀλιγώρως
597 3228 705 3305 οὕτως.
757 3229 981 3318 Postpositum
1008 3227 1171 3319 adjectivo
1197 3229 1314 3297 vel-1

181 3327 339 3397 adverbio
366 3354 426 3397 suo
454 3329 555 3407 οὕτως
574 3356 642 3398 non
664 3341 747 3399 'raro
776 3332 911 3419 legitur.
957 3329 1010 3425 Cf.
1033 3355 1084 3397 or.
1108 3324 1150 3395 de
1169 3329 1314 3399 Ari-

182 3431 305 3500 staroh.
326 3431 400 3518 her.
432 3432 470 3520 3.
496 3435 553 3501 18ι
586 3432 685 3499 πολὺν
705 3431 816 3508 οὕτως.
839 3432 879 3500 de
899 3431 1012 3517 Hagn.
1035 3434 1106 3499 her.
1131 3430 1169 3518 3.
1192 3435 1290 3501 23:

182 3530 325 3617 ἀντικρὺς
352 3529 475 3602 οὗτωσί.
519 3533 697 3602 Demosth.
724 3535 762 3603 in
784 3534 867 3600 Mid.
895 3559 929 3622 p.
951 3535 1028 3614 536,
1049 3536 1091 3600 3ι
1128 3531 1314 3619 θρασὺς1

150 3679 153 3686 -
183 3631 268 3705 odra»
297 3635 350 3699 καὶ
379 3633 534 3718 πλούσιος.
565 3636 614 3703 ib.
636 3662 669 3725 p.
689 3633 765 3719 544,
787 3637 826 3704 82
859 3642 999 3722 φανερῶς
1020 3634 1112 3700 οὕτω.
1133 3660 1168 3725 p.
1191 3632 1314 3703 545

184 3750 293 3803 extra
323 3733 429 3813 ἅπλῶς
450 3734 557 3812 οὕτως.
578 3763 612 3826 p.
627 3737 703 3822 556,
723 3737 786 3805 21.·
817 3735 946 3822 ἀσελγὴς
967 3735 1048 3802 οὕτω
1070 3737 1121 3800 καὶ
1142 3735 1314 3815 dissuat·

184 3833 222 3901 in
251 3835 386 3953 Aphob.
419 3837 438 3905 l
467 3864 501 3928 p.
491 3841 599 3918 .822,
628 3841 691 3907 26ι
730 3843 871 3925 φανερῶς
897 3836 1006 3914 οὕτως.
1034 3837 1140 3905 Plura
1175 3859 1314 3906 con-A

188 3935 290 4024 gessit
309 3937 433 4006 Baehr.
464 3940 504 4007 ad
525 3940 698 4008 Plutarch.
721 3940 930 4030 Philopoem.
921 3965 987 4030 ..p
1008 3939 1064 4007 48.
1208 3958 1211 3963 ’

273 4040 372 4117 ξενίας
393 4035 513 4128 φεύγων
533 4037 593 4107 3πό
616 4066 684 4116 aroc
695 4065 756 4107 των
774 4039 952 4129 φρατόρων.
994 4041 1071 4108 Νοιι
1089 4037 1314 4131 phratria-

186 4138 297 4233 jnssu,
318 4155 355 4213 nt
376 4140 513 4231 opinor,
534 4143 592 4211 sed
611 4143 744 4234 privato
758 4141 957 4212 accusatoris
978 4141 1133 4213 oonsilio.
1169 4139 1314 4213 Nau
