2632 4800
406 1268 455 1323 1u
487 1242 807 1325 ouautouu'ut'
826 1268 883 1323 x1.
927 1298 936 1321 .

140 1434 226 1504 nu
267 1432 607 1504 naenias
648 1402 1169 1547 nespulini-u.

512 1661 781 1708 rnoousnuss·
844 1652 848 1661 '
885 1656 888 1661 '

108 1809 287 1914 Hagnias,
318 1824 522 1903 Eubulides,
549 1821 714 1908 Stratius,
743 1820 880 1910 Hebro,
910 1821 1100 1892 Gleocritns
1123 1827 1195 1893 ira·

110 1939 177 1993 tres
204 1927 338 1993 {nerunt
370 1926 544 2019 germani,
574 1925 691 1991 Buseli
713 1925 886 2017 cujusdam
908 1926 1051 1994 Oeensis
1072 1928 1151 1994 filii.
1161 1928 1192 2012 *)

109 2026 166 2095 Ex
186 2027 240 2094 his
255 2027 406 2117 Hagnias
424 2029 533 2094 filium
553 2024 672 2093 habuit
685 2026 901 2095 Polemonem
922 2043 955 2095 et
974 2029 1083 2095 filiam
1097 2029 1194 2121 Phy-

108 2130 286 2196 lomachen
298 2176 321 2214 ,y
339 2129 521 2197 Eubulides
543 2129 652 2207 filium
672 2127 894 2217 Philagrium,
923 2128 1071 2198 Stratius
1095 2131 1192 2198 deni-

111 2253 174 2318 qne
211 2233 300 2298 filios
332 2231 432 2317 duos,
475 2228 735 2305 Phanostratnm
767 2246 800 2298 et
830 2230 1094 2318 Charidemum,
1135 2231 1192 2320 qui

111 2355 228 2399 omues
260 2332 349 2399 inter
369 2357 405 2400 se
428 2333 559 2419 ,coeptat
579 2334 721 2418 [inerunt
741 2332 775 2397 ἐκ
802 2332 1052 2420 πατραδέλφων,
1083 2359 1192 2401 conso-

109 2433 194 2498 im‘ni
212 2458 231 2499 e
247 2433 406 2521 frutnhus
425 2436 568 2518 mandi,
595 2435 633 2501 h.
651 2459 681 2503 e.
697 2435 819 2501 fratres
835 2435 1012 2524 patrueles.
1056 2434 1191 2505 Horum
1228 2466 1233 2472 ·

108 2554 225 2603 rursus
246 2534 348 2602 liberi
368 2551 483 2621 erant,
516 2533 711 2603 Charidemi
739 2536 977 2627 Theopompus
1005 2551 1037 2603 et
1059 2535 1190 2606 Strato-

109 2639 196 2723 cles,
217 2634 433 2706 Phanostrati
453 2637 596 2707 Stratius
617 2638 803 2725 minor,**)
824 2638 1017 2707 Polemonis
1038 2663 1059 2706 e
1072 2637 1189 2708 Stratii

116 2792 318 2806 ψ

143 2877 171 2947 ³)
190 2876 261 2936 vid.
285 2876 442 2933 Demosth.
468 2879 522 2930 ctr.
545 2877 675 2931 Macart.
698 2893 730 2946 p.
749 2875 838 2931 1055:
870 2863 944 2931 nam
966 2875 1050 2946 apud
1072 2880 1189 2934 Isaeum

176 2962 284 3017 horum
298 2978 389 3017 nemo
405 2965 665 3016 commemoratur.
699 2963 802 3031 Neque
814 2965 916 3016 tamen
928 2966 992 3017 tota
1006 2977 1102 3017 causa
1114 2963 1188 3018 satis

174 3049 270 3117 plane
286 3045 420 3117 perspici
443 3061 478 3101 ac
496 3046 534 3100 de
556 3044 621 3114 jure
640 3060 760 3125 eornm,
787 3043 839 3114 qui
857 3046 895 3101 de
911 3045 1050 3117 Hagniae
1068 3047 1188 3102 heredi·

175 3137 236 3186 tate
256 3130 434 3202 litigarunt,
463 3135 544 3185 certo
570 3127 698 3198 judicari
723 3134 841 3200 potest,
872 3128 934 3184 nisi
958 3147 1085 3186 omnem
1106 3131 1189 3185 illam

175 3215 390 3286 cognationem
405 3215 500 3286 probe
522 3212 671 3286 cognitam
687 3214 814 3271 habeas:
842 3215 1039 3284 quamobrem
1063 3221 1189 3273 stemma

175 3316 294 3370 quoque
313 3299 421 3370 adieci.

143 3401 186 3471 θ’)
207 3400 264 3466 Qui
288 3406 360 3456 ante
384 3417 434 3456 me
456 3400 537 3455 hanc
560 3414 682 3454 causam
707 3397 877 3456 illustravit
893 3399 1037 3456 Ionesius
1063 3413 1186 3471 eumque

175 3492 323 3556 sequutus
348 3484 522 3541 Bunsenius
544 3501 609 3538 non
625 3486 806 3540 Stratoclcm
829 3487 928 3542 solum
951 3483 1069 3543 faciunt
1085 3488 1186 3541 Theo·

172 3570 279 3642 pompi
296 3569 440 3639 fratrem,
463 3570 519 3626 sed
537 3568 627 3624 etiam
639 3569 784 3624 Stratium
801 3569 958 3626 minorem.
994 3569 1041 3624 Ac
1056 3572 1186 3626 destra-

173 3657 255 3709 tocle
274 3652 396 3724 quidem
413 3661 563 3711 certares
580 3660 628 3709 est
645 3670 663 3709 e
680 3655 710 3723 ξ.
727 3654 758 3720 5,
775 3652 828 3708 ubi
844 3654 977 3725 pupillus
994 3651 1067 3723 ille,
1101 3654 1186 3725 cujus

172 3738 300 3792 nomine
324 3740 538 3810 Theopompus
553 3736 589 3793 in
611 3739 659 3807 ins
680 3744 805 3794 vocatus
828 3745 894 3811 cst,
919 3736 1079 3795 Stratoclia
1097 3737 1185 3801 filins,

144 3879 147 3885 ¹
172 3820 335 3891 ἀδελφιδοῦς
360 3840 379 3878 a
396 3825 592 3894 Theopompo
617 3820 739 3879 dicitur.
776 3823 823 3880 of.
849 3822 941 3879 etiam
965 3824 994 3892 ξ.
1012 3824 1060 3878 40.
1103 3825 1186 3879 Stra·

173 3906 249 3962 tium
272 3915 372 3963 autem
398 3927 463 3964 nun
485 3907 582 3965 fnisse
603 3907 730 3963 fratrem
748 3904 941 3978 Theopompi
963 3905 1038 3963 satis
1055 3907 1184 3962 manife-

173 3997 256 4047 stum
281 3998 329 4047 est
352 4009 395 4048 ex
412 3996 472 4063 'eo,
501 3994 581 4063 quod
604 3991 654 4049 hic
670 3991 808 4064 Hagniae
831 3999 958 4046 matrem
976 3990 1084 4047 Stratii
1101 4009 1186 4050 soro·

172 4091 257 4144 rem,
282 4093 348 4132 non
371 4094 474 4149 suam,
498 4076 657 4149 ipsumque
679 4077 824 4134 Stratium
849 4075 989 4132 mulieris
1012 4074 1099 4133 illius
1125 4073 1184 4129 fra·

172 4161 268 4225 trem,
298 4177 363 4218 non
388 4179 477 4222 snum
501 4169 594 4221 vocat
617 4163 660 4233 (ξ.
686 4161 886 4231 8.17.20.)‚
912 4177 990 4234 qnae
1018 4177 1071 4219 rea
1097 4160 1183 4218 etism
