2632 4800
190 231 199 249 ¹
255 250 320 358 ne
340 288 724 362 runcocuuouts
745 245 1097 412 nicenum,
1131 302 1197 370 ωε
1242 326 1246 333 -
1288 380 1290 384 .

89 478 182 547 pro
199 456 422 543 ἀτιμωρήτους
442 457 572 546 ἐάσομεν
586 484 622 530 v.
638 459 873 546 περιοψόμεθα.
892 501 936 518 -
957 462 1118 536 desudetis
1138 466 1195 553 είη,

90 564 145 626 εί
162 600 213 616 —-
234 560 272 628 οὗ
291 559 512 646 δαπανήσομεν
539 562 696 654 Thucyd.
720 562 751 649 l,
773 565 835 630 121
856 589 918 655 pro
947 567 1132 654 φεισόμεδα.
1153 606 1196 626 ‹—

89 659 299 746 θαυμαστοί
320 687 353 748 με
374 663 484 747 λέγεις,
513 665 540 730 εἴ
553 702 598 720 -ι
619 663 676 732 οὐκ
696 665 851 752 ἐπιχειρεῖς
867 668 1022 756 Xenoph.
1035 669 1213 739 Memorr..

90 758 167 850 ll,
191 766 228 845 3,
249 765 272 831 9
290 788 351 855 pro
373 762 506 847 ἀμελεῖς.
546 766 628 834 Alie
649 767 748 858 hujus
770 768 901 853 generis
921 770 1027 835 multe
1046 769 1118 839 vid.
1141 794 1194 861 up.

96 863 341 936 Sehaeterum
353 865 392 931 in
403 865 449 933 H.
461 863 624 957 Stephani
632 869 801 939 Thesaur.
816 894 846 936 c.
855 868 941 936 3523
952 868 994 936 Β.
1005 868 1195 949 Hermann,

99 968 159 1037 ud
167 966 386 1057 EuripMed.
405 992 438 1058 p.
448 966 623 1059 etttips.
637 969 769 1039 Jacobs.
784 971 825 1036 ad
843 970 971 1039 Achill.
980 968 1061 1039 Tet.
1074 996 1110 1060 p.
1118 971 1195 1041 948.

102 1116 114 1127 -
205 1060 305 1148 ίξιῖιν
331 1064 418 1151 ὖμεῖς
446 1066 486 1135 τά
510 1072 551 1136 ’τε
579 1069 693 1159 εὔορκα
720 1078 893 1159 ψηφιεῖσθε
911 1072 976 1138 Ικαί
1002 1068 1128 1149 τούτοις
1154 1072 1194 1139 τὰ

99 1173 228 1239 δίκαια
261 1168 431 1258 γενήσεται.
502 1171 637 1240 Reiskii
679 1174 920 1256 correctionem
956 1171 1045 1259 ὑμεῖς
1084 1197 1119 1240 τε
1154 1174 1195 1239 vd
1269 1200 1272 1205 ·

113 1272 255 1360 εὔορκα,
304 1297 406 1360 quum
444 1273 537 1338 uella
572 1275 727 1342 codicum
765 1276 959 1344 auctoritate
1001 1275 1196 1343 confirmari

113 1376 296 1459 videatur,
327 1397 398 1440 non
426 1398 526 1441 uusus
556 1384 632 1443 stim
661 1377 837 1466 adoptare,
872 1374 1137 1466 quandoquidem
1157 1377 1195 1445 in

117 1475 315 1567 copulandis
341 1500 402 1566 per
426 1476 462 1541 τί
480 1513 526 1529 -
544 1479 617 1562 καί,
648 1478 683 1544 τὲ
702 1516 746 1529 --
766 1479 801 1544 τί
828 1480 1008 1568 particulas
1035 1478 1195 1547 membris

114 1600 356 1669 saepenumero
387 1578 644 1666 negligentiores
673 1581 776 1648 fuisse
804 1579 980 1671 scriptores
1007 1580 1088 1648 setis
1115 1604 1196 1649 con·
1299 1637 1302 1639 .

118 1695 196 1751 stet.
241 1679 452 1768 Quamquam
465 1705 550 1768 quue
565 1680 664 1774 hujus
685 1683 737 1749 rei
750 1685 903 1772 exempla
924 1681 1072 1749 emultis
1087 1683 1194 1749 multa

121 1782 324 1867 efferuntur,
346 1806 415 1849 non
429 1782 529 1850 unius
546 1783 659 1851 omnia
676 1799 752 1851 sunt
772 1784 918 1871 generis.
961 1783 1091 1852 Partim
1105 1782 1196 1850 enirn

121 1906 239 1955 eorum
259 1882 424 1974 ejusmodi
440 1900 534 1968 sunt,
552 1900 591 1952 ut
606 1909 694 1970 vox,
719 1910 818 1973 quem
831 1885 979 1973 sequitur
991 1884 1025 1951 cd
1037 1884 1076 1952 in
1086 1882 1194 1974 priori
1274 1963 1278 1983 1

118 1986 283 2059 (Μυσία
293 1988 455 2072 membro,
473 1988 514 2055 ad
526 1989 664 2054 alterum
674 1989 709 2054 in
717 1987 893 2077 posteriori
903 1988 1056 2076 copulem
1067 1984 1194 2072 cegita-

115 2086 211 2156 tioue
228 2088 405 2177 repetenda
426 2089 488 2178 sit,
513 2091 607 2158 velut
620 2112 673 2180 sp.
690 2091 822 2158 Platon.
840 2105 921 2172 tom.
938 2087 992 2155 XI
1012 2113 1047 2177 p.
1062 2088 1196 2178 emp:

121 2192 236 2278 σοφίας
248 2195 305 2274 τῆς
319 2215 351 2256 τε
367 2196 486 2259 σαυτοῦ
496 2194 548 2258 καὶ
558 2197 621 2258 τῶν
632 2197 687 2257 νῦν
704 2189 893 2278 ἀνθρώπων.
909 2191 984 2259 lue.
994 2191 1046 2255 καί
1059 2194 1117 2275 τῆς
1130 2194 1193 2256 τῶν
1228 2182 1240 2203 “

89 2359 91 2365 ,
121 2297 176 2387 νῦν
189 2290 377 2379 ἀνθρώπων,
400 2293 679 2380 quelienonnullo
687 2294 840 2362 tractavit
849 2290 1047 2360 Schaeferus
1058 2291 1135 2361 lnd.
1150 2293 1192 2358 ed

119 2408 209 2484 poet.
219 2418 332 2481 gnom.
346 2420 380 2484 p.
392 2398 474 2478 3673
486 2394 608 2484 partim
621 2419 688 2462 nen
700 2396 852 2482 singulae
864 2395 1016 2463 notiones
1033 2396 1193 2482 copulen-
1220 2460 1223 2466 ,
1271 2486 1273 2491 Α

119 2510 196 2582 tur,
216 2496 273 2563 sed
286 2497 465 2563 sententiae
480 2498 567 2564 inter
582 2521 636 2582 se,
668 2498 821 2587 pluribus
836 2512 975 2586 utreque
989 2496 1101 2565 verbis
1113 2519 1193 2586 pro·
1289 2536 1292 2543 ·

118 2598 208 2682 dote,
228 2597 491 2689 conjunguntur,
512 2621 651 2687 quorum
662 2597 700 2664 in
718 2598 824 2688 priori
840 2599 874 2664 τὲ
885 2597 999 2665 nonei
1014 2598 1090 2667 voci
1102 2612 1194 2687 post·

113 2698 257 2793 ponitur
266 2747 278 2785 ‚
288 2701 347 2767 'cui
364 2701 573 2790 potissimum
588 2702 758 2790 oportebat
766 2747 778 2785 ,
797 2700 854 2767 eed
866 2700 1006 2768 liberius
1020 2698 1192 2784 inseritur,

116 2802 216 2870 velut
234 2825 288 2892 ep.
307 2802 466 2895 Thucyd.
489 2801 534 2887 V,
555 2800 617 2870 44:
646 2801 863 2898 δείσαντεςμὴ
883 2798 940 2886 τήν
961 2823 994 2866 τε
1016 2800 1192 2884 ξυμμαχίαν

117 2899 333 2989 ποιήσωνται,
366 2906 419 2969 καί
445 2902 513 2987 ἅμα
539 2901 649 2970 Πύλον
676 2900 910 2988 ἀπαιτήσοντες.
945 2927 1008 2994 pro
1037 2902 1193 2979 δείσαντές

115 3028 155 3074 τι
175 3042 230 3072 -.
250 3005 302 3074 lb.
324 3031 354 3073 c.
378 3005 440 3072 112
471 3004 653 3087 νομίσαντες
672 3003 728 3097 epis
748 3007 806 3090 μὲν
826 3007 990 3091 Βρασίδαν
1010 3000 1138 3090 σωτῆρά
1158 3027 1192 3070 τε

116 3111 446 3197 npetu-pemmo,-
466 3107 518 3171 καί
548 3106 581 3172 ἐν
610 3111 657 3194 τῷ
677 3106 809 3194 παρόντι
829 3107 898 3192 ἅμα
918 3107 976 3192 τὴν
996 3111 1059 3175 τῶν
1079 3108 1192 3172 Λακε-
1238 3187 1240 3191 ι

116 3209 289 3294 δαιμονίαν
307 3198 536 3297 ξυμμαχίαν-
547 3207 784 3295 θεραπεύοντες.
806 3235 868 3301 pro
884 3209 1065 3295 νομίσαντές
1083 3233 1191 3289 τεν-η·

106 3309 245 3405 purtim
270 3311 369 3378 etiem
401 3311 611 3380 anacoluthia
631 3313 804 3380 statuenda
825 3328 891 3398 est,
918 3327 956 3379 ut
975 3312 1118 3402 scriptor
1136 3311 1191 3377 in-

117 3414 276 3479 choatum
296 3427 496 3479 structuram
516 3413 716 3499 deseruerit,
743 3418 837 3484 velut
848 3414 1025 3508 Lycurgus
1044 3413 1084 3480 in
1102 3411 1190 3478 Leo·

117 3527 205 3581 crat.
227 3538 257 3579 c.
279 3512 334 3599 14,
359 3518 399 3584 2:
436 3517 463 3580 ed
489 3513 541 3599 μὴ.
561 3513 740 3601 κατεγνώκει
765 3541 800 3583 τε
826 3513 939 3583 ἑαυτοῦ
965 3512 1191 3602 προδεδωκέναι

118 3612 180 3699 τὴν
206 3612 293 3680 πόλιν
320 3617 372 3680 καὶ
398 3613 516 3701 μεγάλα
550 3613 694 3696 ἅπαντας
720 3618 912 3703 ἠδικηκέναι,
947 3616 1043 3705 φοοδ,
1065 3614 1191 3682 dictum

116 3714 231 3787 videri
260 3717 363 3807 possit
389 3743 473 3808 pre:
510 3721 563 3784 καί
600 3717 719 3805 μεγάλα
752 3717 872 3794 πάντας
900 3713 1062 3803 ἠδικηκότι
1088 3711 1191 3802 ἑαυτῷ

119 3814 257 3905 συνῄδει.
295 3817 375 3887 .Sed
403 3820 586 3909 accuratius
613 3823 726 3891 omnia
750 3821 789 3888 in
810 3846 869 3888 sue
898 3842 1019 3909 genere
1040 3817 1190 3905 digerere

117 3919 260 4007 longum
287 3935 335 3988 est
366 3946 472 4010 neque
500 3921 599 4012 hujus
624 3923 711 3990 locis
748 3937 781 3988 ct
812 3919 1083 4010 sunt-imprimis
1103 3917 1190 4007 updd

118 4021 358 4114 Thucydidem
377 4025 560 4112 permulta,
591 4044 673 4109 quae
695 4046 867 4112 operosum
888 4046 927 4091 uc
946 4020 1103 4091 subtilem
1122 4018 1192 4086 dis-

118 4124 327 4214 pututionem
358 4125 535 4212 postulem.-
577 4123 736 4191 Nostrum
757 4140 867 4193 eutem
887 4127 999 4192 locum
1018 4123 1065 4190 ite
1085 4119 1192 4211 possis

119 4223 291 4315 occipere,
321 4237 358 4291 ut
384 4219 504 4300 τούτοις
530 4224 571 4290 τὰ
599 4225 703 4291 δίκαια
733 4222 892 4312 γενήσεται
911 4225 1038 4294 dictum
1068 4235 1192 4292 statues
