2632 4800
81 328 153 404 ἰιι
173 317 441 404 raucumr.
466 284 612 404 oasr.¹
631 312 727 404 rso
748 288 1033 446 uorumnro'.
1075 333 1142 404 tro

64 521 115 572 est
142 490 333 592 Aegeidi‘s',5
358 503 557 591 Euphiletus
585 503 721 592 quidam
748 503 928 595 Hegesippi
959 506 1062 586 filins.
1099 505 1141 575 ‘Is
1186 482 1189 487 Ι

63 604 167 695 quum
195 607 355 697 injuriam
383 607 447 672 sibi
474 607 594 672 iactam
617 629 687 672 csse
709 608 921 673 contenderet
941 607 977 671 in
1005 606 1058 697 jus
1078 600 1156 675 vo?

33 749 36 755 ·
62 709 154 777 cavit
173 708 252 799 pagi
270 708 469 826 praefectum
487 730 515 775 s.
534 707 766 790 demarchum,
794 705 887 800 cujus
906 707 1055 775 officium
1070 723 1142 775 erat
1182 747 1184 753 ,

60 833 270 901 paganorum
291 832 405 875 causas
426 808 464 875 in
484 808 609 902 judicio
632 832 742 896 agere.
750 809 780 893 t)
823 808 876 876 Ac
896 808 1042 899 primum
1065 809 1142 897 qui·
1195 837 1210 887 ⁴,

61 913 137 979 dem
160 912 247 999 apud
270 911 442 977 draetetas
439 935 476 977 s
499 911 641 977 arbitros
668 911 818 999 publicos
840 910 1057 1007 disceptatum
1079 925 1140 1007 est,
1214 942 1218 948 ·

61 1013 120 1102 qui
143 1038 243 1131 quum
264 1038 325 1103 pro
347 1012 525 1102 Euphileto
546 1013 815 1101 pronuntiassent
834 1025 1076 1102 provocarunt
1073 1012 1140 1078 ad·
1183 1049 1186 1054 ·

59 1115 204 1183 versarii
233 1114 274 1180 ad
298 1114 520 1182 Heliasticnm
545 1112 720 1205 judicium.
763 1113 865 1203 Apud
892 1113 1060 1180 Heliastas
1081 1136 1150 1240 pa·‘

62 1232 161 1283 trono
189 1214 379 1305 (συνηγόρῳ)
407 1239 487 1283 usus
515 1229 564 1281 est
584 1214 780 1304 Euphiletus
809 1210 955 1282 fratre‘
940 1216 1152 1303 opocarpt‘rp,

62 1343 102 1385 eo
125 1318 182 1404 qu'i
203 1320 290 1384 hanc
312 1319 496 1385 orationem
518 1316 647 1383 habuit.

148 1417 213 1511 Sed
228 1422 268 1487 de
289 1420 396 1508 priori
418 1421 482 1486 ista
499 1416 733 1506 disceptatione
747 1418 832 1506 apud
850 1418 1007 1500 diaeretas
1024 1420 1139 1509 paullo

62 1515 247 1590 accuratius
275 1522 509 1617 disputandum
540 1520 682 1586 videtur.
727 1518 881 1587 Primum
909 1521 998 1587 enim
1026 1521 1140 1586 mirati

62 1646 176 1719 sumus
199 1646 260 1710 ego
280 1623 321 1688 de
340 1624 416 1694 ord
434 1622 514 1712 jud.
527 1646 560 1709 p.
550 1623 643 1687 .779
663 1634 695 1684 et
707 1618 851 1688 Mererus
869 1623 909 1687 de
928 1622 1005 1690 bon.
1025 1623 1138 1690 damn.

61 1751 96 1814 p.
87 1708 156 1792 .92
171 1724 368 1841 hujusmodi
384 1748 518 1806 causas,
547 1745 627 1809 quas
647 1745 709 1811 pro
726 1722 869 1811 publicis
883 1723 1029 1841 utique
1011 1723 1139 1789 haben·

63 1828 121 1891 das
143 1849 212 1891 esse
234 1825 467 1914 opinaremur,
496 1823 596 1889 etiam
618 1823 703 1913 apud
726 1824 883 1892 diaetetas
904 1826 960 1910 agi
980 1824 1138 1915 potuisse,

63 1951 145 2012 quos
168 1927 207 1992 de
238 1926 377 2015 privatis
399 1941 525 1992 tantum
554 1926 716 2019 judicasse
744 1941 883 1993 constat.
927 1925 1008 1998 Vid.
1027 1925 1139 1992 Hudt·

63 2026 189 2094 walck.
212 2028 252 2095 de
273 2027 385 2094 Diaet.
416 2051 493 2117 pag.
515 2030 570 2095 34.
621 2028 725 2116 Atqui
746 2028 888 2118 publicis
916 2028 1139 2094 adnumeran-

62 2128 121 2194 das
143 2153 213 2196 esse
235 2131 296 2196 has
317 2135 380 2196 τῶν
401 2129 691 2214 ἀποψηφισθέντων
706 2155 826 2198 causas
848 2130 993 2221 nosipsi
1016 2145 1138 2215 temere

61 2234 280 2320 sumpsimus:
307 2233 570 2299 Atheniensibus
588 2233 738 2321 privatae
753 2232 863 2321 potius
878 2233 969 2300 visae
986 2246 1078 2316 sunt,
1106 2243 1139 2298 et

10 2380 21 2389 -
61 2347 150 2398 recte
171 2333 323 2418 quidem,
359 2348 396 2398 ut
426 2333 582 2397 arbitror.
637 2332 724 2398 Nam
745 2334 811 2420 ipsi
833 2334 891 2418 qui
913 2333 1008 2423 ejecti
1030 2347 1139 2399 essent

60 2434 99 2500 in
120 2433 172 2525 jus
185 2433 349 2500 vocabant
369 2455 535 2521 paganos,
565 2455 585 2497 a
607 2431 725 2519 quibus
748 2433 814 2498 sibi
834 2432 994 2523 injuriam
1015 2434 1137 2499 factam

62 2558 134 2601 esse
151 2533 402 2618 contenderent,
434 2558 535 2620 eaque
551 2533 675 2624 injuria
691 2533 822 2623 privata
840 2534 929 2598 haud
951 2534 1051 2599 dubie
1067 2549 1138 2601 erat

60 2658 168 2723 neque
189 2636 231 2700 ad
252 2659 323 2701 rem
343 2635 511 2724 publicam
531 2636 728 2725 pertinebat.
778 2634 988 2722 Quamquam
1010 2658 1029 2700 a
1051 2650 1138 2723 cete·

61 2737 109 2804 ris
131 2738 238 2804 causis
259 2736 398 2826 privatis
420 2738 502 2802 haec
518 2759 557 2804 eo
574 2737 765 2821 differebat,
793 2737 879 2825 quod
889 2782 902 2817 ,
932 2737 990 2824 qui
1011 2735 1137 2827 injuria

12 2844 15 2849 '
52 2839 157 2905 'litem
188 2827 325 2927 paganis
356 2838 536 2907 intendisse
563 2840 755 2923 videretur,
794 2862 901 2929 poena
933 2838 1138 2904 afficiebatur

61 2940 213 3029 capitanii,
235 2941 357 3029 pagani
378 2956 504 3029 eontra,
527 2942 556 3009 si
578 2941 789 3009 condemnati
810 2955 936 3024 esseut,
959 2941 1048 3007 nihil
1068 2940 1138 3007 uisi

61 3041 209 3130 recipere
231 3043 431 3128 cogebantur
452 3058 547 3128 eum,
576 3068 673 3130 quem
694 3042 818 3130 injuria
841 3041 1030 3132 ejecissent:
1059 3042 1136 3107 dein

61 3145 127 3210 hoc
148 3144 265 3208 habuit
291 3145 475 3232 peculiare,
504 3146 591 3232 quod
619 3169 687 3212 non
708 3145 759 3228 is,
790 3145 847 3231 qui
866 3143 961 3208 litem
983 3142 1136 3210 intende·
1182 3155 1185 3165 ’

60 3257 134 3328 rat,
162 3246 217 3310 sed
232 3245 485 3313 adversarius
455 3271 544 3338 equs,
568 3246 763 3314 demarchus
772 3292 785 3327 ,
816 3245 927 3335 priore
943 3246 1016 3311 loeo
1032 3246 1136 3313 verba

60 3346 152 3412 fecit.
196 3347 306 3432 Atque
328 3348 429 3414 hoc
416 3373 526 3438 ipsum
547 3373 697 3466 prorsus·
703 3347 926 3414 necessarium
947 3347 1011 3414 suit
1032 3363 1064 3414 et
1084 3348 1135 3413 rei

60 3461 199 3513 neumae
225 3449 524 3516 accommodatum:
561 3475 640 3517 nam
668 3449 699 3517 si
724 3449 783 3515 ille
811 3450 894 3514 alter
914 3449 1026 3537 priore
1046 3451 1134 3533 loeo,

37 3564 137 3639 ¹post
164 3572 240 3615 eum
270 3549 479 3618 adversarius
506 3552 661 3636 dixisset,
701 3563 898 3618 eventurum
927 3565 1015 3635 erat,
1047 3550 1134 3637 quod

62 3650 215 3718 omnium
235 3649 481 3739 iniquissimum
504 3677 574 3721 esse
597 3651 714 3720 Cicero
735 3652 967 3739 conqueritur,
995 3667 1032 3718 ut
1053 3675 1134 3718 cou-

18 3838 29 3849 ⁴
63 3753 222 3819 futandae
249 3752 305 3820 iiii
336 3771 443 3822 esseut
463 3756 646 3833 adversarii
667 3753 916 3834 criminationes
938 3769 1013 3820 aute
1035 3776 1132 3841 quam

61 3870 258 3938 argumenta
280 3856 349 3947 ejus
371 3874 562 3944 cognosset,
593 3857 674 3923 hnic
689 3870 799 3921 autem
815 3856 902 3921 illud
920 3871 1047 3945 tempus
1068 3855 1134 3920 im·

61 3955 233 4044 pugnandi
261 3956 412 4045 daretur,
447 3984 549 4046 quum
578 3957 708 4027 vitandi
730 3956 800 4047 ejus
827 3956 974 4044 impetus
991 3973 1133 4046 potestas

59 4112 272 4129 *-

98 4192 191 4262 >Ch
211 4195 249 4248 de
266 4193 332 4250 ord.
350 4192 412 4264 jud.
430 4194 535 4285 p..bb8
552 4193 631 4251 Add.
645 4171 748 4250 tamen
761 4191 871 4250 Meier.
887 4194 1012 4252 debon.
1028 4194 1131 4266 damn.
1196 4203 1212 4212 ·“

130 4278 280 4349 ι)..92
