2632 4800
304 306 367 375 uu
388 305 1040 384 n1cAaocau1suman1rAru.
1064 288 1067 295 ’
1143 314 1209 385 ara
1307 416 1310 421 Ι

134 498 250 565 pugna
269 474 358 543 inter
370 478 590 546 Athenienses
612 494 643 546 et
658 476 894 553 Chalcidenses
907 484 966 550 01.
988 482 1208 569 LXXXVII,

133 576 159 644 4
178 578 356 646 commissa
376 595 532 646 narratur
552 605 572 646 a
593 580 751 673 Thucyd.
774 579 822 666 ll,
843 585 898 651 79.
943 583 1009 651 Sed
1031 590 1087 668 τῆς
1111 583 1214 651 ’Olor'

135 678 208 754 σίας
228 680 307 766 quid
330 681 390 764 sit,
417 705 515 748 nemo
538 681 673 749 dixerit.
716 681 828 769 ltaque
849 684 1036 752 Palmerius
1057 688 1082 753 l.
1104 689 1131 754 l.
1152 692 1209 769 τῆς

130 775 303 856 Ὀλυνθίας
323 782 437 870 reponi
458 782 569 871 jubet;
605 783 707 849 fuisse
728 783 818 849 euim
840 782 1030 873 Spartolum
1054 787 1208 878 Olyntho

133 881 353 973 propinquam
375 900 406 950 et
426 884 463 949 iu
485 884 727 975 Olynthiorum
749 885 885 953 ditione.
928 886 971 953 Et
992 911 1071 953 sane
1090 888 1208 976 proxi·

134 1007 225 1050 mam
249 984 354 1050 luisse
384 986 581 1076 eThucyd.
610 987 636 1052 l.
657 986 683 1051 1.
707 1002 857 1073 apparet;
889 988 933 1055 cl'.
955 987 1107 1077 Poppon.
1128 1013 1208 1077 pro-

135 1085 226 1172 legg.
245 1089 271 1176 Ι2
291 1111 323 1174 p.
346 1087 410 1152 358
431 1112 500 1174 sq.;
530 1085 710 1177 subjectam
731 1087 833 1153 fuisse
862 1112 967 1174 neque
989 1088 1207 1181 Thucydides
1279 1100 1282 1111 '

135 1186 216 1253 dicit
237 1212 342 1275 neque
363 1188 430 1254 alio
451 1190 522 1254 ullo
544 1187 668 1254 iudicio
690 1188 805 1272 colligi
826 1204 942 1277 potest.
987 1187 1083 1257 (loni.
1107 1191 1208 1258 etiam

135 1284 256 1368 5218.
320 1289 400 1356 Post
428 1290 560 1355 finitum
591 1304 701 1354 autem
734 1290 858 1355 bellum
889 1291 1208 1380 Peloponnesiacum

135 1388 282 1457 dubitari
309 1391 372 1459 vix
403 1405 509 1480 potest
531 1390 610 1476 quin
638 1390 675 1454 in
704 1390 858 1456 societate
881 1392 1208 1483 Olynthiaca‘l'uerit

101 1528 106 1533 ·
136 1491 237 1575 (conf.
247 1491 398 1559 Vosmel.
417 1494 567 1582 prolegg.
583 1491 623 1556 ad
634 1492 809 1557 Demosth.
827 1491 975 1582 Philipp.
990 1493 1008 1559 I
1023 1494 1205 1583 etOlynth.

135 1616 168 1681 p.
201 1594 278 1680 25),
321 1619 402 1681 quae
434 1593 541 1680 qualis
568 1592 670 1658 fuerit
706 1618 724 1659 e
750 1588 972 1681 Xenophonte
1006 1595 1207 1680 intelligitur

135 1692 270 1762 Hellen.
293 1696 338 1780 V,
359 1699 393 1779 2,
416 1696 458 1761 12
479 1719 550 1782 sqq.
575 1718 679 1781 neque
700 1709 774 1782 post
795 1695 921 1762 bellum
943 1720 1018 1761 cum
1033 1693 1206 1783 Spartanis

135 1795 255 1863 fractas
278 1797 521 1888 Olynthiorum
542 1820 637 1885 opes,
673 1797 729 1862 sed
751 1796 859 1883 magis
881 1796 982 1864 etiam
1003 1812 1113 1863 auctas
1136 1821 1207 1863 esse

136 1912 273 1965 constat.
316 1899 425 1983 Igitur
445 1898 519 1965 fieri
539 1897 646 1987 potuit
664 1897 831 1985 profesto,
860 1896 993 1965 utlsaei
1009 1911 1114 1963 aetate
1134 1900 1208 1986 ple·

135 1992 255 2087 raeque
275 2001 374 2068 urbes
395 2001 526 2068 vicinae
548 1999 724 2090 Olynthiis
751 1998 915 2093 subjectae
937 2015 1044 2067 essent
1066 2015 1098 2064 et
1119 2015 1206 2067 totus

135 2097 190 2167 ille
219 2115 343 2168 tractus
372 2102 557 2194 Olynthiae
588 2101 723 2166 nomine
752 2103 991 2190 appellaretur;
1019 2116 1087 2188 'quo
1107 2101 1207 2169 illum

134 2202 268 2268 nomine
298 2227 386 2268 nunc
415 2206 486 2287 uti,
521 2204 599 2268 licet
620 2203 681 2267 illo
702 2203 831 2290 proelio
853 2203 1048 2282 recentiori,
1082 2203 1207 2269 mirum

134 2303 241 2369 rideri
271 2328 341 2369 nou
370 2307 501 2393 poterit.
544 2305 630 2370 Nam
659 2305 744 2392 apud
768 2303 1004 2394 Thucydidem
1026 2300 1046 2387 ἡ
1068 2301 1204 2388 Bonam)

132 2398 307 2496 Spartolos
337 2420 495 2483 vocatur,
530 2406 619 2470 unde
647 2405 867 2494 Harpocratio
890 2429 1017 2490 quoque
1044 2405 1130 2472 πόλιν
1151 2411 1206 2488 τῆς

129 2505 285 2591 Βοττικῆς
306 2506 397 2572 dicit.
441 2507 555 2592 ltaque
577 2508 681 2572 multo
703 2530 782 2572 sane
800 2505 1006 2594 probabilior
1026 2504 1112 2573 haec¹
1126 2506 1207 2573 Pal-

122 2610 230 2678 marii
253 2607 457 2700 conjectura,
487 2631 585 2693 quam
606 2606 760 2689 Reiskii,
792 2611 847 2689 τῆς
864 2604 1051 2689 Ὀδρυσίας,
1081 2609 1207 2674 scilicet

121 2726 162 2779 ut
193 2708 325 2793 lsaeus,
356 2712 506 2775 locorum
538 2732 607 2773 non
636 2709 714 2773 satis
746 2708 892 2796 peritus,
925 2708 1108 2798 Odrysiam
1129 2733 1207 2775 cum

112 2800 281 2881 Bottiuea
303 2811 548 2877 commiscuisse
575 2823 749 2877 statuatur.
791 2810 944 2875 Alteram
965 2809 1098 2874 Reiskii
1125 2834 1207 2877 eon-

109 2907 309 2998 fecturam,
339 2936 438 2998 quam
458 2927 567 2989 tamen
589 2912 661 2997 ipse
682 2911 783 2996 longe
799 2934 817 2975 a
833 2909 1125 2978 verisimilitudine
1145 2913 1206 2978 ah·

110 3037 202 3085 usse
218 3016 408 3101 profitetur,
436 3011 684 3097 υῆςὈὸυσσείας
704 3013 882 3097 legendum
899 3036 988 3091 esse,
1011 3012 1110 3098 idque
1125 3037 1205 3078 con-

105 3112 336 3203 iungendum
351 3140 426 3181 cum
446 3120 614 3201 φυλαρχῶν
632 3136 670 3179 ac
688 3128 816 3179 turmae
835 3113 993 3199 equestris
1007 3138 1128 3179 nomen
1142 3115 1204 3179 ha·

108 3214 294 3301 bendum,
316 3232 348 3282 et
367 3217 509 3282 deterius
522 3217 621 3282 etiam
636 3215 760 3283 Jouesii
779 3229 1022 3299 commentum,
1051 3214 1205 3282 Ὀλυσίαν

106 3335 260 3388 turmae
288 3342 410 3386 nomen
430 3318 554 3397 fnisse,
590 3332 767 3405 cognatum
795 3317 879 3381 illud
902 3341 978 3382 cum
999 3316 1107 3398 ὀλυός,
1139 3316 1206 3382 ὀλί-

111 3428 223 3508 θριυς
240 3457 285 3470 -
305 3422 407 3486 verbo
430 3443 688 3484 commemorare
709 3419 788 3484 satis
811 3433 869 3484 est.
890 3456 933 3467 -
959 3414 1012 3484 De
1039 3435 1204 3486 structura

115 3537 241 3589 autem
267 3527 323 3604 τῆς
349 3520 524 3595 Ὀλυνθίας
553 3520 584 3583 ἐν
616 3516 799 3606 Σπαρτώλῳ
826 3521 895 3586 vid.
926 3516 1057 3585 Schaef.
1088 3521 1130 3585 ad
1160 3521 1203 3588 L.

115 3620 208 3691 Bos.
229 3645 261 3708 p.
274 3625 350 3690 399.
397 3619 582 3705 Φυλάρχυυς
595 3637 780 3687 turmarum
794 3621 977 3707 praefectos
990 3621 1092 3686 fuisse
1105 3646 1204 3687 nemo

120 3724 274 3811 ignorat.
319 3724 372 3791 De
392 3720 525 3810 παράλῳ
548 3724 741 3789 dictumest
770 3723 812 3787 ad
834 3720 872 3808 ᾗ.
895 3723 927 3804 6,
951 3721 990 3785 de
1011 3722 1139 3808 proelio
1161 3721 1203 3787 ad

130 3822 275 3891 Gnidum
296 3825 334 3890 in
354 3824 536 3911 prooemio.

215 3926 255 4012 §.⁴
274 3926 329 3992 43.
391 3923 675 4011 ἐξαργυρισάμενος.
733 3924 814 3993 Vid.
844 3923 940 3990 Duk.
974 3923 1014 3987 ad
1043 3923 1203 4014 Thucyd.

130 4023 227 4110 Vlll,
248 4027 302 4092 81.
316 4027 518 4112 Wesseling.
542 4028 582 4092 ad
594 4027 735 4092 Diodor.
758 4028 838 4090 tom'.
862 4023 898 4090 ll
919 4024 1033 4110 plait.
1049 4062 1092 4073 —-
1106 4030 1206 4090 Καθ-

135 4138 352 4215 nuncupemur,
389 4153 454 4193 rem
472 4129 673 4214 familiarem
704 4127 788 4210 equis
814 4127 934 4190 alendis
961 4127 1107 4211 perdere.
1150 4126 1206 4193 Ex

138 4230 250 4297 eodem
284 4253 405 4317 genere
434 4244 483 4296 est
503 4230 821 4314 καταυαιδερασνεῖν,
851 4244 934 4296 orat.
957 4229 997 4295 do
1017 4227 1203 4296 Aristoteli.
