2632 4800
470 1105 516 1159 IN
542 1101 843 1160 ΟΒΜἿΟΝΕΜ
880 1104 918 1164 Ὺ.

157 1228 1236 1381 unol‘onaooautsuuuan1rsrn

557 1513 824 1559 rnooutulont·

106 1637 110 1645 ¹
156 1629 392 1738 Dicaeogenes
408 1651 586 1718 Menexeni
605 1652 694 1718 filins
713 1676 815 1739 quum
832 1650 869 1718 in
884 1674 996 1739 pugna
1010 1651 1124 1720 navali
1145 1654 1235 1742 apud

158 1736 304 1810 Gnidum
324 1744 472 1810 insulam
492 1745 707 1832 interemptus
729 1757 832 1826 esset,
859 1742 1054 1826 Prostanna,
1083 1741 1154 1833 ejus
1176 1768 1234 1811 co·

119 1837 121 1841 Α
156 1859 295 1931 gnatus,
328 1859 558 1912 testamentum
579 1844 737 1934 protulit,
769 1868 834 1931 quo
855 1843 959 1932 ipsius
980 1843 1088 1928 filius,
1123 1845 1180 1910 cui
1202 1861 1236 1911 et

76 1988 79 1992 -
156 1946 223 2035 ipsi
243 1946 449 2035 Dicaeogeni
471 1971 592 2013 nomen
615 1961 703 2031 erat,
733 1946 856 2012 abillo
880 1938 1095 2034 adoptabatur
1118 1961 1150 2013 et
1172 1948 1236 2014 he·

56 2060 62 2071 ’
156 2071 211 2114 res
233 2072 277 2114 ex
299 2049 418 2114 triente
439 2048 688 2132 instituebatur,
711 2048 840 2134 reliqua
859 2065 969 2113 autem
984 2047 1122 2136 pecunia
1136 2063 1235 2134 quat·

148 2135 233 2216 'tuor
259 2148 424 2216 testatoris
452 2150 621 2216 sororibus
650 2149 911 2236 relinquebatur.
964 2148 1020 2214 Ex
1039 2150 1104 2216 hoc
1132 2164 1261 2215 testa··

63 2324 66 2329 ,
156 2267 271 2320 mento
299 2251 407 2318 divisa
428 2252 612 2318 hereditate
644 2234 740 2319 suam
762 2251 899 2339 quisque
920 2266 1047 2340 partem
1067 2275 1127 2340 per
1148 2252 1236 2317 dno·

157 2353 266 2420 decim
295 2376 401 2418 annos
423 2353 496 2419 sine
524 2354 749 2421 controversia
770 2353 935 2443 possedit,
973 2377 1074 2440 quum
1095 2367 1235 2442 repente

157 2454 409 2542 aDicaeogene
440 2456 531 2522 aliud
558 2458 695 2522 affertur
716 2469 964 2538 testamentum,
1002 2479 1067 2541 quo
1094 2454 1168 2542 ipse
1190 2479 1238 2522 ex

66 2540 84 2585 '¹
156 2578 229 2624 asse
259 2559 358 2624 heres
384 2556 553 2624 institutus
575 2572 657 2626 erat.
700 2556 767 2649 Res
794 2557 831 2622 in
856 2556 1018 2648 judicium
1038 2556 1149 2645 venite
1179 2555 1237 2648 ju·

62 2693 68 2709 s
119 2654 121 2658 ⁴
156 2659 391 2744 dices⁴,‚salsis
412 2658 611 2733 testimoniis
633 2660 777 2749 decepti,
799 2673 903 2725 totam
924 2658 1143 2724 hereditatem
1165 2656 1242 2724 Dis

91 2763 97 2777 '
156 2761 315 2848 caeogeni
337 2759 547 2852 adjudicant:
579 2761 635 2826 hic
648 2762 771 2850 praeda
789 2785 849 2827 sua
870 2760 1139 2850 perdecenuium
1161 2761 1237 2826 sere

155 2863 291 2931 fruitur.
346 2862 503 2928 Tandem
530 2863 710 2929 mulierum
740 2864 878 2929 illarum
903 2861 983 2944 filii,
1017 2861 1074 2948 qui
1094 2861 1238 2928 interim

156 2964 396 3045 adoleverant,
433 2963 593 3055 iujuriam
619 2988 715 3031 suam
741 2965 857 3031 ulcisci
884 2977 1014 3052 parant.
1074 2961 1237 3031 Primum

154 3065 260 3154 igitur
279 3066 437 3149 testibus,
464 3066 584 3151 quibus
605 3065 833 3154 Dicaeogenes
861 3089 940 3132 usus
962 3080 1049 3149 erat,
1079 3066 1160 3132 falsi
1182 3080 1237 3133 te·

156 3166 308 3235 stimonii
336 3167 500 3232 actionem
529 3167 723 3253 intendunt,
756 3192 925 3255 unumque
951 3191 994 3234 ex
1014 3167 1086 3252 his,
1117 3167 1255 3258 Lyco-¹

105 3354 108 3359 ἱ
154 3293 252 3353 nem,
273 3267 352 3355 ,qui
380 3267 509 3356 primus
537 3268 574 3333 in
600 3269 762 3360 judicium
790 3270 946 3336 deductus
978 3282 1043 3351 est,
1077 3268 1234 3336 vincunt.

98 3405 103 3408 ·
153 3371 339 3439 ,Tumveso
353 3369 579 3454 Dicaeogenes
601 3372 704 3438 rebus·
716 3371 784 3438 suis
801 3371 925 3438 diffisus
946 3393 989 3435 ne
1010 3385 1112 3435 totam
1134 3396 1236 3459 prae·

130 3533 133 3541 .
156 3472 234 3538 dam
255 3471 430 3538 restituere
453 3487 608 3558 cogatur,
637 3473 728 3561 aljad
751 3471 928 3539 artificium
949 3471 1235 3542 comminiscitur:

155 3573 399 3658 Menexenum,
437 3573 494 3659 qui
516 3581 648 3652 can‘sam
675 3589 787 3640 contra
808 3574 980 3666 Lyconem
1003 3588 1115 3660 egerat
1126 3614 1147 3657 7·
1172 3598 1237 3661 ag·

155 3677 325 3763 greditur,
356 3689 544 3760 maternam
565 3677 751 3766 portionem
763 3677 804 3743 'ei
824 3702 859 3743 se
880 3675 1237 3764 restiturum'pollice·

155 3791 230 3861 tur,
252 3777 427 3865 persuadet
448 3778 589 3865 denique
610 3793 647 3845 ut
667 3779 881 3846 consobrinos
903 3802 979 3844 suos
1001 3777 1130 3843 deserat
1150 3778 1238 3844 reli·

156 3901 302 3966 quosque
329 3893 449 3963 testes,
491 3905 572 3969 quos
601 3879 711 3970 injus
742 3895 940 3964 vocaverat,
968 3880 1087 3945 missos
1114 3878 1234 3946 faciat.

240 3978 377 4066 Reliqui
402 3980 625 4070 Dicaeogenis
647 3983 830 4050 adversarii
856 3984 964 4072 primo
987 3981 1120 4068 quidem
1142 4003 1237 4049 nova

155 4103 195 4146 ra
227 4081 373 4170 perculsi
406 4084 593 4169 quiescuntz
631 4102 744 4175 postea
780 4108 861 4152 vero
897 4109 997 4171 quum
1038 4096 1237 4171 reputarent

156 4181 295 4273 Lycone
327 4181 482 4251 damnato
509 4184 579 4276 jam
611 4197 650 4253 eo
677 4210 749 4254 rem
771 4187 942 4254 deductam
965 4208 1056 4269 esse,
1088 4199 1128 4250 ut
1149 4207 1236 4250 nen·
