2632 4800
438 1369 485 1422 ll(
513 1360 812 1426 onustorum
839 1372 863 1424 1.

250 1535 319 1605 DE
353 1534 641 1605 CLEONYMI
672 1535 1050 1605 HEREDITATE.

514 1765 778 1807 PROOEMIUM·

110 1889 348 2033 ¹Cleonymus
368 1943 550 2013 decesserat
571 1959 764 2012 testamento
785 1945 921 2026 relicto,
943 1968 1008 2031 quo
1031 1961 1186 2032 cognatos

116 2043 291 2131 quosdam,
320 2044 565 2131 Phereuicum,
593 2046 831 2135 Posidippum,
862 2044 1016 2112 Dioclem
1038 2048 1187 2134 aliosque

116 2145 252 2213 fortasse
280 2148 395 2235 plures
424 2148 563 2216 heredes
591 2146 790 2214 instituerat.
834 2146 1056 2236 Impugnatur
1087 2160 1186 2214 testa-

118 2262 262 2313 mentum
291 2245 512 2341 eCleonymi
543 2273 561 2314 e
582 2272 698 2315 sorore
722 2249 917 2338 nepotibus,
948 2249 1005 2336 qui
1025 2251 1186 2338 scriptum

120 2345 249 2432 quidem
273 2347 311 2415 id
341 2348 424 2417 olim
452 2351 494 2417 ab
522 2350 688 2443 eruncplo
714 2374 785 2421 uon
812 2365 952 2438 negant,
983 2352 1040 2416 sed
1072 2353 1186 2420 valere
1243 2344 1246 2351 ’

121 2470 184 2515 non
210 2448 278 2541 jam
312 2474 408 2541 posse
440 2452 659 2519 contendunt:
693 2451 804 2540 ipsum
839 2451 929 2517 enim
961 2449 1187 2542 Cleonymum

121 2550 301 2619 testamenti
320 2549 375 2619 sui
393 2550 612 2643 poenituisse,
641 2553 727 2639 quod
749 2577 851 2640 quum
871 2553 1059 2621 rescindere
1072 2554 1186 2638 vellet,
1245 2606 1247 2611 .
1287 2611 1289 2615 .

123 2649 260 2737 primum
286 2677 381 2721 mora
408 2654 450 2721 ab
484 2652 685 2722 adversariis
717 2652 929 2741 interposite,
969 2651 1048 2721 dein
1076 2656 1186 2722 subita

81 2828 86 2833 ⁸
122 2767 221 2821 morte
245 2754 442 2844 impeditum
470 2779 552 2825 esse.
597 2751 777 2844 Scripsisse
799 2770 910 2822 autem
930 2753 1014 2821 illud
1037 2779 1185 2823 avuncu-

124 2848 187 2919 lum
204 2856 319 2923 multis
347 2871 422 2924 ante
445 2857 561 2940 aunis,
590 2880 692 2943 quum
713 2880 833 2942 graves
854 2857 943 2923 inter
963 2879 1040 2924 eum
1060 2880 1100 2922 ac
1119 2857 1186 2923 Di·

127 2949 223 3041 niam,
243 2958 394 3047 ipsorum
415 2973 570 3047 patruum
592 2982 630 3025 ac
651 2972 806 3038 tutorem,
827 2957 1024 3025 inimicitiae
1044 2959 1186 3027 interce-

127 3047 245 3144 derent,
278 3075 513 3147 verereturque
536 3058 740 3151 Cleonymus
760 3083 821 3144 ne,
850 3059 879 3126 si
900 3059 971 3149 ipse
992 3073 1068 3127 ante
1090 3061 1182 3128 dece·

128 3146 223 3239 leret,
256 3184 361 3248 quam.
383 3176 517 3251 nepotes
547 3161 769 3229 adolevissent
796 3177 827 3227 et
848 3161 901 3229 atti
926 3160 1010 3253 juris
1031 3162 1112 3229 fecti
1132 3187 1185 3229 es·

123 3266 202 3346 ¹tot,
235 3263 324 3329 bone
351 3287 411 3330 sua
441 3263 479 3329 in
506 3262 730 3331 inimicissimi
760 3264 814 3329 sui
833 3279 1027 3353 potestatem
1048 3263 1184 3330 deveni·
1272 3320 1275 3325 .

119 3364 204 3450 lint,
247 3378 282 3430 et
301 3363 344 3429 ab
372 3388 411 3431 eo
433 3363 500 3431 sibi
520 3380 594 3454 post
615 3380 758 3431 mortem
783 3364 869 3454 juste
890 3365 1110 3456 persolvenda
1131 3388 1184 3430 es·
1219 3413 1223 3424 .

114 3462 200 3545 ⁸⁰¹tt,
229 3464 324 3553 cujus
351 3467 432 3533 dum
460 3466 589 3535 viveret
610 3492 653 3533 ne
673 3466 862 3555 adspectum
883 3467 1018 3554 quidem
1039 3466 1182 3531 tolerare

109 3562 280 3635 teruisse.
344 3567 442 3635 Hauc
475 3568 565 3635 enim
598 3591 700 3637 unam
727 3567 830 3635 fuisse
865 3568 958 3635 illius
995 3566 1185 3633 testamenti

106 3662 277 3737 ”libandi
298 3692 450 3753 causam,
472 3694 578 3756 neque
593 3693 674 3737 vero
696 3695 715 3737 a
737 3669 909 3759 nepotibus
932 3666 1090 3736 avunculi
1110 3666 1185 3733 eni·

106 3762 202 3837 mum
218 3769 445 3853 abalienatum
464 3771 585 3854 fuisse,
614 3770 722 3863 ipsum
739 3769 963 3862 Cleonymum
984 3791 1054 3834 non
1074 3769 1184 3835 solum

125 3870 205 3936 ‘Qvi
232 3885 307 3961 post
337 3873 498 3963 scriptum
525 3887 753 3940 testamentum
776 3888 922 3959 tempore
942 3868 1184 3958 interrogatum

107 3964 125 4008 ⁸
160 3964 266 4040 Dinia
291 3975 404 4061 palam
429 3976 614 4065 professum
646 3998 736 4057 esse,
770 3973 829 4040 sed
850 3971 957 4059 magis
989 3970 1089 4037 etiam
1110 3984 1186 4061 post

145 4056 158 4077 ⁸
185 4071 233 4140 'ae
272 4091 413 4145 mortem
442 4078 644 4161 declarasse,
686 4099 786 4162 quum
817 4089 951 4164 nepotes
982 4073 1018 4138 in
1049 4072 1186 4161 domum

111 4166 206 4241 'Eam
224 4193 373 4266 receptos
396 4178 562 4263 educarit,
595 4192 718 4247 tutatus
740 4174 806 4261 sit,
836 4199 855 4241 a
877 4174 1023 4266 paternis
1045 4173 1188 4241 credito·
