2632 4800
221 252 225 258 ·
355 229 419 303 DE
439 230 669 302 MENEGLIS
690 174 1011 304 HEREDITATE.
1158 240 1225 315 199

145 401 337 492 conjectura
358 401 431 488 capi
454 417 559 488 potest
575 426 619 468 ex
640 403 840 489 comparatis
861 403 950 470 inter
971 429 1005 471 se
1029 405 1093 496 66.
1109 408 1142 473 6.
1165 409 1218 475 15.
1285 447 1291 458 ·

145 505 201 573 19.
223 503 384 570 hactenus
410 505 545 588 saltem,
575 519 699 571 utnon
719 519 795 570 ante
816 504 874 571 01.
897 505 978 591 105,
1001 509 1135 595 sedant
1154 509 1218 575 hoc
1294 542 1300 549 -

143 606 219 695 ipso
245 620 392 694 tempore
423 621 480 673 ant
494 607 618 695 ,paullo
650 621 724 696 post
754 605 903 672 habitam
931 631 1001 674 csse
1027 610 1217 698 probemus.

111 735 113 738 ’
144 704 243 792 Quae
262 706 353 774 enim
376 708 413 796 §.
430 709 456 775 6
476 723 755 775 commemoratur
774 706 950 796 Iphicratis
971 708 1008 774 in
1034 709 1217 777 Thraciam

142 807 334 899 expeditio,
367 806 459 897 cujus
486 808 622 876 comites
650 811 787 876 suerunt
818 825 910 876 actor
935 808 1069 900 ejusque
1100 812 1215 896 frater,
1285 868 1286 873 ,

141 910 227 976 haec
241 910 355 976 cadem
372 935 442 979 esse
462 912 596 979 videtur
609 910 649 976 de
664 936 726 998 qua
740 909 930 1001 Xenophon
945 929 1060 977 narrat
1077 911 1227 988 Hellen.
1280 939 1285 952 ¹

139 1010 204 1078 lv.
225 1013 265 1096 8,
292 1011 351 1096 34,
380 1013 518 1080 missum
544 1036 614 1079 esse
641 1011 843 1102 Iphicratem
868 1037 944 1079 cum
964 1013 1105 1080 navibus
1138 1019 1219 1082 octo‘

140 1129 175 1209 et
194 1115 409 1202 peltastarum
436 1140 537 1181 manu
557 1115 599 1180 ed
617 1117 777 1182 tuendum
796 1115 1050 1205 Hellespontum
1074 1131 1105 1182 et
1126 1115 1212 1183 circa

140 1214 222 1283 sitas
237 1215 402 1302 regiones.
437 1216 529 1284 Haec
544 1232 654 1283 eutem
670 1217 837 1305 expeditio
851 1232 1000 1306 'suscepta
1016 1233 1063 1283 est
1080 1216 1139 1283 01.
1157 1221 1212 1303 97,

140 1314 214 1384 da.
237 1316 319 1385 chr.
338 1320 403 1386 389
424 1319 508 1406 (vid.
531 1317 678 1385 Glinton.
698 1319 789 1385 Fast.
809 1317 902 1385 Hell.
923 1344 957 1408 p.
982 1319 1046 1385 196
1066 1317 1211 1404 Krtig.),

141 1419 193 1485 cui
216 1418 246 1484 si
267 1419 418 1485 interfuit
438 1436 547 1504 actor,
577 1445 730 1487 reversus
749 1420 787 1485 in
808 1420 949 1509 patriam
971 1419 1140 1487 videbitur
1155 1437 1209 1486 aut

138 1520 296 1610 proximo
324 1545 410 1587 anno
429 1521 515 1601 388,
544 1537 600 1588 aut
627 1539 714 1587 certe
742 1537 815 1611 post
839 1546 955 1612 pacem
977 1521 1211 1588 Autalcideam
1249 1611 1254 1620 ⁵

135 1622 215 1688 387.
260 1619 338 1690 Jam
357 1623 539 1689 divortium
565 1648 642 1690 cum
660 1648 768 1703 uxore
787 1623 954 1690 Menecles
980 1622 1096 1689 fecisse
1116 1623 1210 1690 vide·

137 1738 193 1789 tur
211 1739 269 1789 aut
295 1725 409 1791 eodem
431 1748 536 1811 anno,
572 1741 629 1792 aut
646 1726 803 1815 proximo
826 1727 901 1817 386.
944 1724 1129 1813 Adoptatus
1151 1748 1209 1790 au·
1305 1728 1309 1744 '

138 1840 205 1892 tem
224 1822 274 1905 est
295 1840 387 1892 actor
401 1851 470 1893 non
491 1842 566 1893 ante
580 1851 678 1915 qnam
698 1851 793 1893 soror
811 1827 882 1917 ejus
904 1826 1027 1893 iterum
1047 1825 1210 1915 nupsisset

138 1927 328 2014 liberosque
348 1927 429 1995 duos
450 1927 628 2018 peperisset
650 1929 733 2016 (vid.
757 1928 883 2018 §.19.)
902 1930 938 1995 h.
961 1951 991 1994 e.
1012 1926 1119 1994 tribus
1140 1929 1208 1994 sal·

138 2044 205 2097 tem
225 2045 282 2094 aut
302 2046 453 2115 quattuor
473 2045 547 2119 post
566 2030 746 2098 divortium
769 2031 885 2115 annis,
914 2029 992 2096 circ.
1009 2030 1084 2096 383.
1128 2028 1209 2097 Post

138 2129 347 2219 adoptionem
370 2131 639 2216 annovigesimo
663 2132 761 2199 tertio
782 2133 946 2201 Menecles
967 2130 1091 2198 obiisse
1124 2130 1207 2195 dici-

137 2247 191 2297 tur
210 2232 249 2319 6.
270 2232 326 2311 15,
346 2235 381 2300 h.
404 2257 441 2302 e.¹
456 2232 589 2299 circiter
608 2258 639 2301 a.
663 2235 745 2329 360;
767 2249 799 2299 et
820 2233 912 2302 brevi
932 2249 1006 2322 post
1026 2231 1096 2323 ejus
1115 2256 1207 2299 mor·

139 2348 204 2399 tem
222 2348 371 2422 tempore
389 2336 477 2401 hanc
499 2335 538 2401 de
559 2332 741 2402 hereditate
764 2358 897 2402 causam
916 2335 953 2399 in
973 2333 1135 2423 judicium
1150 2333 1206 2399 de·

140 2433 266 2501 ductam
293 2459 364 2501 essa
383 2452 529 2526 apparet.
572 2436 632 2504 Est
651 2452 762 2502 autem
781 2461 887 2506 annus
905 2438 970 2502 369
991 2434 1205 2526 Olympiadis
1225 2514 1228 2518 Ι

140 2526 332 2603 centesimae
347 2538 478 2623 quintae
492 2538 633 2629 primus.
648 2577 689 2589 —-
703 2536 856 2605 Ceterum
867 2537 1042 2621 Kruegero
1057 2533 1204 2627 adclin-

142 2649 204 2707 tou.
224 2637 264 2706 F.
289 2638 335 2706 H.
354 2665 389 2729 p.
412 2639 476 2708 147
493 2640 615 2730 scripta
635 2640 769 2707 videtur
790 2639 1061 2732 oratio‘Olytnp.
1086 2638 1159 2705 167.

488 2838 535 2925 In
556 2859 847 2951 Hypothesin.

216 3028 316 3095 Vers.
331 3032 365 3094 9.
387 3027 528 3114 ἀδελφῶν
553 3024 868 3115 ἀμφισβητῇ-σάντων.
912 3025 1048 3094 Rectius
1062 3026 1221 3101 dixisset
1257 3028 1259 3033 ’

124 3116 268 3216 ἅδελφοῦ
296 3127 600 3216 ἀμφισβητήσαντος.
643 3131 728 3196 Nam
754 3153 859 3197 unum
877 3128 1041 3195 Meneclis‘
1061 3129 1199 3195 fratrem

117 3218 232 3303 fuisse
253 3248 387 3324 apparet
415 3257 432 3299 e
451 3234 487 3320 6
510 3233 564 3324 21.
615 3230 837 3300 Sedinduxit
862 3231 1000 3297 fortasse
1028 3253 1198 3321 gramma·

111 3325 231 3403 ticum
251 3351 419 3418 nostrum,
443 3336 529 3421 quod
549 3335 672 3423 passim
692 3333 900 3421 adversarios
918 3331 1041 3422 plurali
1059 3352 1197 3396 numero

110 3424 297 3524 (designari
323 3436 466 3514 videret,
488 3437 682 3525 616615.
704 3439 756 3502 17.
779 3430 834 3503 31.
855 3438 910 3502 33.
923 3435 985 3501 38.
1028 3431 1197 3519 Nimirum
1282 3454 1284 3459 ’

104 3528 218 3607 filius
247 3561 374 3624 quoque
396 3536 598 3617 adversarii,
625 3537 788 3628 particeps
809 3535 1050 3626 quodammodo
1078 3555 1195 3598 causae

106 3646 302 3727 paternae,
332 3639 513 3730 injudicio
533 3641 656 3706 aderet.

210 3736 407 3825 ἐμαρτύρησέ
425 3765 472 3816 τις
496 3741 679 3825 Φιλωνίδης.
723 3742 876 3808 Hocnon
897 3734 1004 3826 potuit
1024 3733 1091 3824 nisi
1113 3757 1194 3799 con-

109 3832 252 3927 iectura
268 3843 382 3909 ductus
403 3866 560 3922 narrare,
589 3843 686 3911 valde
704 3842 765 3909 illa
785 3841 917 3928 quidem
930 3837 1069 3903 incerta.
1113 3832 1196 3900 Phi·

115 3937 275 4009 lonidem
295 3943 415 4011 actoris
435 3954 585 4011 socerum
610 3944 711 4010 fuisse
740 3943 882 4028 legimus
910 3938 1026 4026 §.183
1055 3936 1195 4003 eundem

123 4044 228 4139 etiam
252 4043 434 4135 injudicio
460 4046 603 4126 adfuisse
628 4044 770 4112 ostendit
791 4043 828 4130 6.
849 4042 910 4122 36;
941 4041 996 4108 sed
1020 4040 1195 4124 διαμαρτυ-

127 4144 197 4229 ρίαν
212 4169 273 4235 pro
286 4171 408 4234 genero
423 4148 464 4215 ab
478 4150 541 4216 hoc
560 4147 789 4237 interpositam
801 4141 890 4210 nihil
902 4156 953 4235 est
965 4141 1051 4229 quod
1064 4154 1192 4225 arguat.
