2632 4800
110 266 203 315 -m
258 286 298 301 0
468 197 912 311 nosnatura

151 412 282 483 dsoimo
303 417 421 501 quarto
442 419 602 479 exaratus
622 410 753 479 videtur
772 380 936 479 Passovio
958 408 1073 494 symb.
1095 407 1168 478 orit.
1188 411 1226 499 in
1286 502 1287 505 Ἴ

151 533 266 620 serint.
281 530 338 598 Gr.
352 538 387 597 et
398 529 496 598 Rom.
512 550 532 597 e
550 532 647 597 eodd.
665 537 742 596 mst.
755 528 1083 600 vratisleviensibus.
1127 529 1226 600 Vrat.

150 650 247 719 1820.
303 647 433 715 Horum
461 648 612 716 oodioum
639 647 804 715 leotiones
830 655 989 736 quotquot
1015 670 1038 714 a
1063 647 1224 717 Bekkero

151 774 436 837 oommemoratae
457 776 533 851 sunt
554 766 731 852 diligenter
752 786 775 830 a
794 787 850 832 me
870 756 913 832 in'
927 767 1141 833 annotatione
1163 767 1226 835 ori-

149 887 220 955 tloa
245 892 455 973 repetunturr
490 885 585 952 novis
615 882 770 949 subsidiis
796 904 862 950 non
880 904 970 974 ,usus
992 906 1066 949 sum
1086 891 1226 970 praeter

151 1001 365 1097 collationem
393 1000 518 1069 oodiois
538 981 702 1087 Parisini,
736 1021 835 1088 quem
857 1001 947 1090 sigla
966 1001 1008 1069 R.
1037 1000 1224 1088 designavi,

150 1122 351 1211 adprimae
381 1119 539 1187 orationis
567 1127 700 1208 partam
726 1106 883 1207 priorem.
941 1118 1043 1186 Hane
1075 1116 1225 1189 lllaierus

86 1312 91 1336 ι
150 1261 248 1309 mens
277 1240 323 1307 ad
353 1261 408 1306 me
432 1236 618 1319 transmisit
647 1260 671 1304 a
691 1237 913 1304 Boissonadio
943 1238 1022 1324 olim
1036 1237 1108 1305 sibi
1129 1258 1225 1306 oura-

149 1366 232 1429 tum.
279 1356 407 1427 Tutum
434 1357 586 1443 oodioem
615 1356 807 1453 aoouratius
838 1355 993 1423 oonllrrre
1007 1334 1078 1424 six
1098 1379 1229 1449 operae·

150 1477 294 1566 pretium
314 1475 389 1542 fore
404 1474 563 1562 arbitror,
592 1475 714 1566 quippe
735 1475 809 1563 qui,
836 1473 894 1541 ubi
909 1496 933 1540 a
952 1474 1077 1542 esteris
1098 1476 1226 1543 dissen-

151 1595 214 1681 tit,
245 1593 281 1662 id
307 1595 395 1683 quod
421 1615 488 1660 non
513 1614 592 1661 raro
621 1592 763 1678 aooidit,
800 1613 861 1658 eas
874 1646 877 1651 .
891 1592 1017 1660 habeat
1047 1592 1223 1680 leotiones,

151 1735 236 1805 quas
262 1711 478 1780 manifestum
507 1712 643 1779 sitnon
671 1724 723 1778 ex'
739 1710 878 1777 meliore
906 1711 1017 1799 aliquo
1041 1712 1226 1800 exemplari

23 1824 26 1829 ¹
90 1902 94 1909 ,
152 1834 272 1902 duetus
295 1850 394 1914 esse,
424 1830 487 1896 sed
508 1829 707 1914 oorreotori,
736 1851 802 1894 non
823 1829 956 1897 indooto
979 1827 1131 1917 quidem,
1167 1833 1227 1898 sle·

150 1949 235 2017 beri.
289 1947 680 2033 Praetereundum,
722 1967 822 2035 quarn
850 1946 1030 2015 Bekkerus
1062 1949 1225 2036 neglexit,

151 2067 265 2157 paullo
288 2063 479 2149 aeonratius
501 2066 642 2153 eontuli,
673 2066 802 2152 fruotu,
830 2067 860 2132 si
879 2088 947 2132 non
968 2089 1109 2154 magno,
1138 2075 1226 2135 atta-
1297 2084 1300 2089 ·

152 2208 230 2255 men
251 2184 419 2252 nonnullo.
464 2185 593 2253 Omnes
621 2193 735 2254 antem
755 2187 852 2270 hujus
874 2185 1058 2272 seripturas
1081 2209 1227 2254 eommo-

151 2326 287 2373 morare
311 2302 393 2369 nihil
419 2304 597 2388 attinebat,
631 2312 667 2371 et
692 2305 815 2373 multas
848 2305 950 2372 etiam
978 2301 1101 2392 exiis,
1139 2324 1226 2394 qnae

153 2429 438 2493 oommemoratae
479 2431 573 2509 sunt,
617 2423 722 2490 satius
764 2423 912 2495 fortasse
954 2422 1068 2490 fuerat
1111 2422 1227 2490 omitti.

151 2538 263 2609 Etiam
293 2539 543 2627 Stephanianae
568 2540 733 2608 leotiones
759 2563 825 2607 non
852 2562 989 2627 omnes,
1022 2542 1083 2607 sed
1103 2563 1229 2607 memo·

77 2698 83 2711 ·
150 2659 328 2728 nobiliores
360 2665 490 2725 tantum
521 2657 668 2726 enotavir
703 2659 880 2727 nonnullas
909 2659 1119 2746 negligentia
1149 2682 1229 2726 mea

151 2777 410 2867 Praetermissas
436 2772 475 2841 in·
491 2776 665 2843 Addendis
686 2779 878 2866 perscripsi.
898 2815 942 2829 —
967 2776 1048 2845 Jam
1068 2800 1150 2868 vero
1176 2787 1239 2845 ta-v

27 2922 32 2957 ε
152 2894 241 2963 libus
262 2916 318 2963 mo
346 2890 501 2961 subsidiis
521 2895 718 2963 instruatum
739 2899 783 2969 do
803 2919 892 2965 nova
917 2897 1116 2964 recensione
1138 2897 1229 2983 eogi-
1302 2969 1306 2981 ,

153 3021 231 3083 toro
258 3034 324 3080 non
351 3010 502 3100 potuisse
530 3024 683 3101 apparet.
736 3015 822 3083 Feci
847 3016 964 3102 igitur,
981 3003 984 3007 ¹
1001 3017 1088 3104 qnod
1117 3015 1229 3100 dabui,

90 3130 93 3135 ’
153 3141 192 3201 ut
218 3130 413 3199 Bekkerum
446 3132 654 3218 potissimum
684 3154 863 3223 sequerer,
894 3132 960 3199 nisi
987 3132 1042 3198 ubi
1071 3140 1129 3199 aut
1155 3155 1229 3220 pro·

153 3258 231 3339 pter
263 3250 415 3320 eodioum
437 3249 672 3319 auctoritatem
701 3260 758 3319 aut
785 3260 923 3339 proptor
945 3259 1058 3318 certas
1079 3251 1228 3318 rationes

154 3367 257 3434 aliam
286 3366 468 3436 leotionem
493 3370 722 3456 recipiendam
745 3392 822 3436 essa
843 3371 1042 3453 judicarem.
1085 3370 1230 3437 Faotnm

152 3485 189 3554 id
209 3494 322 3554 autem
343 3485 430 3554 loeis
452 3488 586 3556 oireiter
607 3481 800 3576 sexaginta:
830 3509 1031 3577 quamquam
1046 3492 1089 3555 de
1102 3488 1230 3555 duobus

153 3626 242 3671 nuno
262 3627 317 3672 me
338 3606 455 3688 judieii
476 3608 542 3675 mei
563 3606 729 3694 poenitet,
764 3609 806 3674 de
828 3607 945 3694 quibus
969 3609 1090 3675 dietum
1123 3614 1176 3673 ost
1196 3607 1230 3671 in

29 3771 38 3783 ι
137 3700 338 3813 ‚Adolendis
386 3725 613 3813 Reeeptarum
640 3747 663 3793 a
689 3748 744 3805 me
774 3726 955 3794 lectionum
985 3747 1124 3811 oausas,
1166 3724 1230 3789 nisi

154 3862 254 3931 quum
275 3864 337 3929 per
358 3864 397 3909 se
418 3845 514 3930 ipsae
527 3842 610 3911 satis
628 3843 830 3912 manifestae
845 3845 1058 3931 videbantur,
1085 3845 1119 3912 in
1141 3865 1232 3910 eom·

154 3961 327 4029 montariis
357 3960 513 4048 exposui:
548 3983 687 4051 quarum
713 3963 862 4031 rationes
885 3965 987 4031 etiam
1014 3986 1070 4028 mo
1091 3970 1229 4029 tanente

61 4084 64 4089 '
154 4081 279 4148 nomini
299 4079 465 4149 obseuraa
486 4081 560 4151 fore
582 4082 790 4168 viderentur,
822 4082 924 4152 verbo
945 4081 1094 4149 indicare
1116 4079 1150 4149 in
1172 4103 1229 4147 an-
