2632 4800
108 251 173 318 232
243 287 252 307 ι
465 245 513 315 ΙΝ
542 241 823 321 ΟΒΔΤΙΟΝΕΜ

109 400 250 506 Aliquot
270 413 433 507 ejusmodi
454 415 607 504 exempla
626 411 875 504 postMeierum
895 411 1062 513 congenuit
1081 410 1186 480 etiam

112 517 284 587 Schaaser.
308 516 436 606 Appar.
459 516 535 584 crit.
557 514 608 582 lv
629 539 665 605 p.
686 513 763 581 447.

194 615 476 701 ἀναισχυντότατον
495 622 535 704 τῇ
555 616 712 704 μαρτυρία
733 613 811 683 ὅντα
830 610 943 702 ταάτη.
988 611 1042 684 Ol.
1065 613 1107 681 ad
1131 637 1186 683 or.

110 721 153 790 de
172 720 313 786 Menecl.
344 720 416 787 her.
440 719 478 806 6.
499 720 557 798 26,
587 717 645 784 ubi
668 733 752 805 qnae
774 716 900 785 contuli
922 716 1047 783 similia
1068 740 1188 784 exem-

1 829 3 834 '
109 824 186 912 pla,
214 836 322 887 tutum
343 821 432 887 hunc
457 823 570 887 locum
591 843 611 887 a
632 815 778 911 Tdylori
803 834 835 886 et
856 816 990 885 Reiakii
1010 818 1188 888 conatibtin

110 923 334 1046 praestabunt.

197 1023 234 1113 6.
245 1021 320 1091 5.‘
301 1049 321 1107 η
342 1047 454 1089 τουτου
475 998 645 1110 μαρτυρία.
688 1021 795 1110 Henioc
815 1019 1001 1103 Nicodcma',
1029 1022 1086 1108 qni
1102 1044 1190 1092 mmo

2 1175 4 1179 .
111 1150 182 1204 νεαο
202 1137 267 1207 σοις
301 1125 342 1189 de
364 1149 429 1212 quo
450 1125 558 1192 miror
584 1148 604 1191 a
624 1123 765 1191 Rerskro
786 1125 843 1189 vel
863 1122 1034 1190 tantillum
1054 1116 1189 1210 ambigi

110 1226 268 1317 potuisse.
310 1224 355 1292 Et
383 1225 462 1293 satia
492 1226 670 1314 diligenter
689 1225 909 1294 Nicodemum
939 1239 972 1291 et
998 1223 1190 1292 Xenoclem

48 1338 58 1396 .'
112 1352 173 1420 per
198 1343 303 1395 totam
334 1327 518 1395 orationem
548 1327 720 1394 distinctos
745 1327 875 1395 v1delne
880 1372 893 1407 ,
920 1340 957 1393 ut
985 1325 1190 1394 Nicodamus

112 1453 243 1528 semper
263 1429 306 1497 sit
322 1419 428 1506 ουτος,
455 1428 622 1496 Xenocles
643 1445 756 1496 antem
776 1429 903 1508 ἐκεῖνος,
933 1426 1002 1494 nior
990 1427 1076 1493 ιι6ἰ
1090 1428 1191 1495 nullo

112 1522 211 1598 modo
233 1531 274 1598 de
293 1530 431 1598 homine
453 1531 560 1597 errari
580 1530 708 1620 potnit,
735 1533 772 1597 dt
793 1526 830 1618 6.
840 1533 903 1613 223
932 1521 1018 1595 ουτοι
1032 1528 1189 1616 deniqne,

112 1632 237 1723 plurali
257 1655 416 1718 numero,
445 1647 547 1703 totam
568 1632 837 1699 adversariorum
857 1633 1059 1714 factionem,
1086 1631 1191 1698 Nico·

115 1736 269 1820 demum,
296 1733 501 1837 Xenoclom,
523 1749 554 1800 et
574 1758 651 1801 cnm
670 1734 726 1801 hio
746 1757 981 1820 nonnunquam
1003 1733 1104 1800 ctiam
1116 1731 1191 1824 hy·

2 1890 4 1894 .
113 1836 287 1919 simenem,
310 1813 530 1920 choerinem,
551 1835 715 1928 Pyladem
728 1835 959 1921 oignificet.-
915 1834 1099 1901 -Paullo
1115 1846 1192 1924 poet

116 1933 223 2003 πόθ’
240 1933 383 2011 ἑαλωκὼς
403 1961 525 2023 μαρτυς
537 1936 704 2004 Xenocles
719 1954 783 2021 σοις
816 1962 896 2004 nam
914 1934 1069 2023 μάρτυρες
1089 1935 1192 2003 etiam

114 2038 141 2105 ii
162 2054 260 2123 aunt,
293 2039 351 2126 qui
373 2039 632 2125 διαμαρτυρίαν
621 2055 846 2129 rntorponunt.

202 2145 236 2220 6.
258 2141 291 2206 6.
330 2145 387 2224 τῆς
423 2137 681 2227 ἀμφισβητοάσης
720 2141 849 2226 γνησίας
877 2138 1040 2225 θυγατρὸς
1069 2134 1193 2227 Πάῥρηι

4 2291 8 2298 .
116 2236 203 2331 εἶναι.
259 2243 348 2328 Quae
375 2266 408 2306 ae
428 2243 599 2326 ίιῄτὶνααυε
618 2245 739 2329 Pyrrhi
755 2243 868 2332 filiam
889 2267 952 2308 eoae
972 2242 1190 2309 contendebat.

61 2412 67 2428 ,
116 2342 240 2410 Rarior
265 2367 346 2410 aene
368 2345 462 2410 verbi
484 2342 690 2433 ἀμφισβητεῖν
704 2369 809 2428 οιτον,
847 2359 974 2411 utnon
1001 2343 1127 2409 mirum
1148 2341 1194 2409 nit

115 2442 294 2513 Reiskium
316 2443 504 2514 offendisse.
556 2445 643 2530 Nam
665 2437 754 2512 olion¹
768 2447 831 2512 vix
850 2471 997 2534 unquam
1019 2469 1095 2511 cnm
1115 2443 1194 2511 inll-

117 2545 225 2613 niti'vo
245 2545 332 2617 illud
354 2547 495 2613 verbnm
511 2551 735 2615 constructum
753 2549 929 2628 invenias,
959 2547 1027 2614 nisi
1043 2545 1105 2612 nbi
1119 2545 1193 2634 quia

118 2672 277 2714 remmon
292 2672 363 2716 esne
378 2649 570 2733 contendat,
592 2648 749 2741 adjuncta
765 2650 805 2715 ad
823 2649 1028 2718 infinitivum
1049 2646 1196 2736 negandi

117 2749 299 2839 particula,
327 2765 364 2815 ut
391 2750 431 2815 do
463 2748 579 2818 cinon.
608 2750 682 2818 her.
717 2753 840 2840 §.192
875 2757 938 2816 τῶν
969 2751 1004 2815 ἀὲ
1025 2746 1195 2836 φρατόρων

118 2849 218 2925 οὐδεὶς
240 2849 377 2921 ἀντεῖπεν
399 2849 471 2916 οὐδ’
490 2849 706 2938 ἠμφισβήτησε
722 2853 767 2936 μὴ
789 2853 845 2919 οὐκ
867 2853 972 2936 ἀληθῆ
986 2849 1083 2916 ταῦτ’
1106 2847 1197 2918 εἶναι.

116 2951 200 3042 Lyn.
231 2953 307 3019 adv.
340 2953 520 3020 Panclcon.
549 2979 583 3044 p.
605 2957 689 3022 7362
729 2954 935 3042 ἀμφισβητῶν
963 2954 1010 3037 μὴ
1041 2952 1119 3039 πρὸς
1140 2950 1197 3019 τάν

117 3052 312 3136 πολίμαρχον
339 3050 419 3119 εἶναί
443 3053 473 3120 οἱ
502 3052 559 3130 τάς
588 3056 687 3132 δίκας.
731 3055 797 3124 Sed
819 3056 1006 3123 affirmandi
1027 3056 1098 3122 vim
1121 3079 1198 3122 cnm

118 3153 163 3232 ὥς
185 3169 410 3221 constructum
431 3157 530 3222 habet
558 3158 659 3224 etiam
680 3183 733 3247 ap.
755 3158 932 3225 Demosth.
955 3158 1032 3228 adv.
1053 3155 1195 3224 Phorm-

117 3282 152 3346 p.
175 3257 252 3340 9⁰8,
274 3257 316 3322 62
347 3255 401 3322 ε’ἀν
423 3258 459 3322 da'
477 3283 581 3333 τις-
603 3257 786 3350 ἀμφισβητῇ
808 3256 850 3335 ὥς
868 3258 970 3324 πάντα
993 3258 1136 3341 πεποίηκε
1156 3254 1199 3322 ‘cd

119 3359 299 3443 συγκείμενα
308 3405 318 3436 ,
347 3382 409 3447 pro
431 3383 495 3445 quo
518 3359 663 3427 dubitari
685 3386 754 3426 non
776 3377 881 3451 potest
903 3360 1106 3448 quinetiam
1136 3359 1202 3442 ἀμ·

119 3465 258 3546 φισβητῇ
284 3453 395 3524 πάντα·
412 3462 609 3543 πεποιηκέναι
641 3462 707 3529 dici
736 3463 893 3551 potuerit.
953 3461 1201 3548 Corrigendum

118 3561 229 3648 itaquo
251 3570 402 3628 nonnum
423 3563 533 3628 locum
550 3561 690 3629 lleiskio
711 3588 779 3628 non
801 3564 1027 3629 concedemus.
1050 3600 1094 3615 ·-
1115 3563 1202 3629 Mox

119 3676 230 3727 autem
250 3661 288 3727 in
309 3662 362 3728 his
384 3658 513 3746 nicanor
533 3663 565 3740 ἐξ
584 3663 769 3748 ἐγγυητῆςά
792 3666 824 3742 ἐξ
845 3661 972 3749 ἑταίρας
991 3661 1011 3746 ἡ
1035 3661 1203 3748 ἀμφισβη-

119 3785 218 3827 τουσα
240 3787 297 3828 του
317 3761 432 3850 κληρου
453 3789 498 3851 τῳ
482 3767 590 3852 θείῳ
608 3765 751 3850 γυναικὸς
767 3769 825 3854 ειη.
864 3763 1203 3833 assentiorssekkero

119 3862 158 3929 in
185 3863 277 3930 Add.
311 3867 434 3954 16696
461 3866 605 3952 γυναικὸς
636 3885 691 3933 eut
719 3870 902 3935 tollendum
931 3883 987 3933 arnt
1015 3890 1092 3932 cum
1121 3862 1201 3950 γυνή

122 3964 320 4032 mutandum
340 3990 422 4035 esse.
467 3965 521 4034 (ll.
545 3967 581 4057 6.
597 3967 642 4036 24
663 3985 695 4035 et
715 3967 771 4038 45.

205 4068 262 4149 τῆς
281 4087 314 4130 τε
323 4064 534 4151 ἀντωμοσίας
551 4095 608 4156 της
629 4066 790 4158 νμετίρας.
833 4070 918 4139 Eam
932 4068 1020 4137 haud
1037 4067 1138 4135 dubie
1151 4065 1206 4136 di·
