<?xml version="1.0" encoding="UTF-8"?>
<!DOCTYPE html PUBLIC "-//W3C//DTD XHTML 1.0 Transitional//EN"
    "http://www.w3.org/TR/xhtml1/DTD/xhtml1-transitional.dtd">
<html xmlns="http://www.w3.org/1999/xhtml" xml:lang="en" lang="en">
 <head>
  <title>
</title>
<meta http-equiv="Content-Type" content="text/html;charset=utf-8" />
  <meta name='ocr-system' content='tesseract 3.04.00' />
  <meta name='ocr-capabilities' content='ocr_page ocr_carea ocr_par ocr_line ocrx_word'/>
</head>
<body>
  <div class='ocr_page' id='page_1' title='image "./isaeiorationesx00isaegoog_0502.png"; bbox 0 0 2632 4800; ppageno 0'>
   <div class='ocr_carea' id='block_1_1' title="bbox 18 188 1052 315">
    <p class='ocr_par' dir='ltr' id='par_1_1' title="bbox 18 188 1052 315">
     <span class='ocr_line' id='line_1_1' title="bbox 18 188 1052 315; baseline -0.009 0"><span class='ocrx_word' id='word_1_1' title='bbox 18 188 88 315; x_wconf 63' lang='lat' dir='ltr'><strong>-J</strong></span> <span class='ocrx_word' id='word_1_2' title='bbox 180 230 254 313; x_wconf 81' lang='grc' dir='ltr'><strong><em>’τοο</em></strong></span> <span class='ocrx_word' id='word_1_3' title='bbox 323 270 383 303; x_wconf 88' lang='lat'><strong>·.</strong></span> <span class='ocrx_word' id='word_1_4' title='bbox 524 236 927 311; x_wconf 79' lang='lat' dir='ltr'><strong>uumeomurun</strong></span> <span class='ocrx_word' id='word_1_5' title='bbox 1048 264 1052 271; x_wconf 93' lang='lat'>-</span> 
     </span>
    </p>
   </div>
   <div class='ocr_carea' id='block_1_2' title="bbox 192 362 1265 499">
    <p class='ocr_par' dir='ltr' id='par_1_2' title="bbox 192 362 1265 499">
     <span class='ocr_line' id='line_1_2' title="bbox 192 362 1265 499; baseline -0.004 -21"><span class='ocrx_word' id='word_1_6' title='bbox 192 410 345 499; x_wconf 75' lang='lat' dir='ltr'><strong>adempta</strong></span> <span class='ocrx_word' id='word_1_7' title='bbox 361 407 459 475; x_wconf 82' lang='lat' dir='ltr'><strong>alteri</strong></span> <span class='ocrx_word' id='word_1_8' title='bbox 479 407 616 494; x_wconf 52' lang='grc' dir='ltr'><strong><em>οιτον)</em></strong></span> <span class='ocrx_word' id='word_1_9' title='bbox 632 442 677 459; x_wconf 89' lang='lat'><strong>··-</strong></span> <span class='ocrx_word' id='word_1_10' title='bbox 696 402 776 477; x_wconf 77' lang='lat' dir='ltr'><strong>Iam</strong></span> <span class='ocrx_word' id='word_1_11' title='bbox 794 428 877 474; x_wconf 77' lang='lat' dir='ltr'><strong>vero</strong></span> <span class='ocrx_word' id='word_1_12' title='bbox 896 362 1171 497; x_wconf 79' lang='lat' dir='ltr'><strong>iianeEuplrileti</strong></span> <span class='ocrx_word' id='word_1_13' title='bbox 1192 429 1265 474; x_wconf 85' lang='lat' dir='ltr'><strong>cau·</strong></span> 
     </span>
    </p>
   </div>
   <div class='ocr_carea' id='block_1_3' title="bbox 117 507 1264 1610">
    <p class='ocr_par' dir='ltr' id='par_1_3' title="bbox 117 507 1264 1610">
     <span class='ocr_line' id='line_1_3' title="bbox 192 507 1263 597; baseline -0.004 -18"><span class='ocrx_word' id='word_1_14' title='bbox 192 535 283 594; x_wconf 84' lang='lat' dir='ltr'><strong>snm,</strong></span> <span class='ocrx_word' id='word_1_15' title='bbox 322 524 398 576; x_wconf 86' lang='lat' dir='ltr'><strong>ante</strong></span> <span class='ocrx_word' id='word_1_16' title='bbox 425 534 525 597; x_wconf 91' lang='lat' dir='ltr'><strong>quam</strong></span> <span class='ocrx_word' id='word_1_17' title='bbox 551 507 713 577; x_wconf 85' lang='lat' dir='ltr'><strong>Heliastis</strong></span> <span class='ocrx_word' id='word_1_18' title='bbox 739 508 944 591; x_wconf 79' lang='lat' dir='ltr'><strong>traderetur,</strong></span> <span class='ocrx_word' id='word_1_19' title='bbox 979 532 1049 575; x_wconf 89' lang='lat' dir='ltr'><strong>non</strong></span> <span class='ocrx_word' id='word_1_20' title='bbox 1078 510 1188 575; x_wconf 87' lang='lat' dir='ltr'><strong>semel</strong></span> <span class='ocrx_word' id='word_1_21' title='bbox 1213 508 1263 576; x_wconf 84' lang='lat' dir='ltr'><strong>sed</strong></span> 
     </span>
     <span class='ocr_line' id='line_1_4' title="bbox 152 608 1263 700; baseline -0.005 -21"><span class='ocrx_word' id='word_1_22' title='bbox 152 674 159 687; x_wconf 90' lang='grc'><strong><em>,</em></strong></span> <span class='ocrx_word' id='word_1_23' title='bbox 192 614 245 679; x_wconf 80' lang='lat' dir='ltr'><strong>bis</strong></span> <span class='ocrx_word' id='word_1_24' title='bbox 267 610 352 700; x_wconf 84' lang='lat' dir='ltr'><strong>apud</strong></span> <span class='ocrx_word' id='word_1_25' title='bbox 368 610 525 678; x_wconf 86' lang='lat' dir='ltr'><strong>diaetetas</strong></span> <span class='ocrx_word' id='word_1_26' title='bbox 546 624 738 690; x_wconf 83' lang='lat' dir='ltr'><strong>tractatam,</strong></span> <span class='ocrx_word' id='word_1_27' title='bbox 764 609 816 675; x_wconf 88' lang='lat' dir='ltr'><strong>bis</strong></span> <span class='ocrx_word' id='word_1_28' title='bbox 838 608 1053 699; x_wconf 76' lang='lat' dir='ltr'><strong>dijudicatam</strong></span> <span class='ocrx_word' id='word_1_29' title='bbox 1075 632 1149 678; x_wconf 82' lang='lat' dir='ltr'><strong>esse</strong></span> <span class='ocrx_word' id='word_1_30' title='bbox 1170 633 1263 700; x_wconf 84' lang='lat' dir='ltr'><strong>appa·</strong></span> 
     </span>
     <span class='ocr_line' id='line_1_5' title="bbox 191 709 1262 800; baseline -0.004 -20"><span class='ocrx_word' id='word_1_31' title='bbox 191 728 243 780; x_wconf 86' lang='lat' dir='ltr'><strong>ret</strong></span> <span class='ocrx_word' id='word_1_32' title='bbox 264 737 282 779; x_wconf 90' lang='lat' dir='ltr'><strong>e</strong></span> <span class='ocrx_word' id='word_1_33' title='bbox 304 712 409 799; x_wconf 67' lang='lat'><strong>511.</strong></span> <span class='ocrx_word' id='word_1_34' title='bbox 453 711 683 794; x_wconf 73' lang='lat' dir='ltr'><strong>Nemorum,</strong></span> <span class='ocrx_word' id='word_1_35' title='bbox 711 726 885 800; x_wconf 72' lang='lat' dir='ltr'><strong>postquam</strong></span> <span class='ocrx_word' id='word_1_36' title='bbox 906 710 1012 778; x_wconf 76' lang='lat' dir='ltr'><strong>dixits</strong></span> <span class='ocrx_word' id='word_1_37' title='bbox 1042 713 1099 777; x_wconf 84' lang='grc' dir='ltr'><strong>καί</strong></span> <span class='ocrx_word' id='word_1_38' title='bbox 1114 737 1173 794; x_wconf 89' lang='grc' dir='ltr'><strong>μοι</strong></span> <span class='ocrx_word' id='word_1_39' title='bbox 1194 709 1262 792; x_wconf 79' lang='grc' dir='ltr'><strong><em>λα’βτ</em></strong></span> 
     </span>
     <span class='ocr_line' id='line_1_6' title="bbox 192 800 1262 901; baseline -0.001 -21"><span class='ocrx_word' id='word_1_40' title='bbox 192 820 260 898; x_wconf 78' lang='grc' dir='ltr'><strong><em>τῆς</em></strong></span> <span class='ocrx_word' id='word_1_41' title='bbox 280 812 479 898; x_wconf 78' lang='grc' dir='ltr'><strong><em>προτέρας</em></strong></span> <span class='ocrx_word' id='word_1_42' title='bbox 499 814 619 895; x_wconf 79' lang='grc' dir='ltr'><em>διαίτης</em></span> <span class='ocrx_word' id='word_1_43' title='bbox 638 809 697 895; x_wconf 87' lang='grc' dir='ltr'><strong>τήν</strong></span> <span class='ocrx_word' id='word_1_44' title='bbox 716 811 903 897; x_wconf 79' lang='grc' dir='ltr'><strong><em>μαρτυρίαν.</em></strong></span> <span class='ocrx_word' id='word_1_45' title='bbox 920 811 1034 879; x_wconf 75' lang='lat' dir='ltr'><strong>statim</strong></span> <span class='ocrx_word' id='word_1_46' title='bbox 1052 800 1262 901; x_wconf 47' lang='lat' dir='ltr'><strong>post&#39;recitn·</strong></span> 
     </span>
     <span class='ocr_line' id='line_1_7' title="bbox 192 910 1258 1000; baseline -0.004 -17"><span class='ocrx_word' id='word_1_47' title='bbox 192 930 264 983; x_wconf 88' lang='lat' dir='ltr'><strong>tum</strong></span> <span class='ocrx_word' id='word_1_48' title='bbox 279 913 505 981; x_wconf 87' lang='lat' dir='ltr'><strong>testimonium</strong></span> <span class='ocrx_word' id='word_1_49' title='bbox 519 913 708 1000; x_wconf 78' lang='lat' dir='ltr'><strong>subjungit:</strong></span> <span class='ocrx_word' id='word_1_50' title='bbox 731 910 774 989; x_wconf 77' lang='grc' dir='ltr'><strong>ὥς</strong></span> <span class='ocrx_word' id='word_1_51' title='bbox 785 913 843 995; x_wconf 89' lang='grc' dir='ltr'><strong><em>μέν</em></strong></span> <span class='ocrx_word' id='word_1_52' title='bbox 857 913 961 980; x_wconf 88' lang='grc' dir='ltr'><strong><em>τοίνυν</em></strong></span> <span class='ocrx_word' id='word_1_53' title='bbox 976 915 1041 979; x_wconf 81' lang='grc' dir='ltr'><strong>καὶ</strong></span> <span class='ocrx_word' id='word_1_54' title='bbox 1057 912 1151 980; x_wconf 83' lang='grc' dir='ltr'><strong><em>τότε</em></strong></span> <span class='ocrx_word' id='word_1_55' title='bbox 1168 915 1217 999; x_wconf 81' lang='grc' dir='ltr'><strong>(λι.</strong></span> <span class='ocrx_word' id='word_1_56' title='bbox 1233 937 1258 980; x_wconf 86' lang='grc' dir='ltr'><strong>ο.</strong></span> 
     </span>
     <span class='ocr_line' id='line_1_8' title="bbox 193 1006 1260 1102; baseline -0.002 -21"><span class='ocrx_word' id='word_1_57' title='bbox 193 1019 246 1082; x_wconf 80' lang='grc' dir='ltr'><strong>καὶ</strong></span> <span class='ocrx_word' id='word_1_58' title='bbox 274 1015 310 1081; x_wconf 88' lang='grc' dir='ltr'><strong><em>τδ</em></strong></span> <span class='ocrx_word' id='word_1_59' title='bbox 340 1010 504 1102; x_wconf 79' lang='grc' dir='ltr'><strong><em>πρότερον)</em></strong></span> <span class='ocrx_word' id='word_1_60' title='bbox 535 1006 642 1100; x_wconf 80' lang='grc' dir='ltr'><strong><em>ὦφλον</em></strong></span> <span class='ocrx_word' id='word_1_61' title='bbox 667 1013 725 1098; x_wconf 83' lang='grc' dir='ltr'><strong>τήν</strong></span> <span class='ocrx_word' id='word_1_62' title='bbox 751 1014 896 1099; x_wconf 87' lang='grc' dir='ltr'><strong><em>δίαιταν,</em></strong></span> <span class='ocrx_word' id='word_1_63' title='bbox 917 1012 1092 1099; x_wconf 73' lang='grc' dir='ltr'><strong><em>ἀκηκόατε.</em></strong></span> <span class='ocrx_word' id='word_1_64' title='bbox 1140 1013 1260 1102; x_wconf 77' lang='lat' dir='ltr'><strong>Quodsi</strong></span> 
     </span>
     <span class='ocr_line' id='line_1_9' title="bbox 193 1115 1260 1209; baseline -0.001 -26"><span class='ocrx_word' id='word_1_65' title='bbox 193 1118 267 1206; x_wconf 85' lang='lat' dir='ltr'><strong>quis</strong></span> <span class='ocrx_word' id='word_1_66' title='bbox 299 1130 434 1205; x_wconf 89' lang='lat' dir='ltr'><strong>quaerat</strong></span> <span class='ocrx_word' id='word_1_67' title='bbox 455 1115 620 1204; x_wconf 87' lang='lat' dir='ltr'><strong>quomodo</strong></span> <span class='ocrx_word' id='word_1_68' title='bbox 648 1115 724 1181; x_wconf 88' lang='lat' dir='ltr'><strong>fieri</strong></span> <span class='ocrx_word' id='word_1_69' title='bbox 743 1116 889 1206; x_wconf 89' lang='lat' dir='ltr'><strong>potuerit</strong></span> <span class='ocrx_word' id='word_1_70' title='bbox 908 1132 1067 1195; x_wconf 84' lang='lat' dir='ltr'><strong>ut·eausa</strong></span> <span class='ocrx_word' id='word_1_71' title='bbox 1088 1119 1196 1184; x_wconf 83' lang='lat' dir='ltr'><strong>semel</strong></span> <span class='ocrx_word' id='word_1_72' title='bbox 1214 1117 1260 1209; x_wconf 82' lang='lat' dir='ltr'><strong>ju·</strong></span> 
     </span>
     <span class='ocr_line' id='line_1_10' title="bbox 133 1210 1261 1307; baseline -0.003 -22"><span class='ocrx_word' id='word_1_73' title='bbox 133 1216 136 1221; x_wconf 71' lang='grc'><strong>’</strong></span> <span class='ocrx_word' id='word_1_74' title='bbox 194 1218 450 1291; x_wconf 81' lang='lat' dir='ltr'><strong>dicata,iterum</strong></span> <span class='ocrx_word' id='word_1_75' title='bbox 477 1217 562 1307; x_wconf 82' lang='lat' dir='ltr'><strong>apud</strong></span> <span class='ocrx_word' id='word_1_76' title='bbox 591 1217 766 1285; x_wconf 85' lang='lat' dir='ltr'><strong>diaetetam</strong></span> <span class='ocrx_word' id='word_1_77' title='bbox 793 1210 968 1303; x_wconf 80' lang='lat' dir='ltr'><strong>ageretui&#39;,</strong></span> <span class='ocrx_word' id='word_1_78' title='bbox 1000 1218 1089 1285; x_wconf 82' lang='lat' dir='ltr'>nihil</span> <span class='ocrx_word' id='word_1_79' title='bbox 1111 1217 1261 1306; x_wconf 80' lang='lat' dir='ltr'><strong>estquod</strong></span> 
     </span>
     <span class='ocr_line' id='line_1_11' title="bbox 117 1312 1262 1410; baseline -0.004 -22"><span class='ocrx_word' id='word_1_80' title='bbox 117 1312 132 1321; x_wconf 70' lang='grc'><strong>’</strong></span> <span class='ocrx_word' id='word_1_81' title='bbox 193 1319 389 1410; x_wconf 85' lang='lat' dir='ltr'><strong>responderi</strong></span> <span class='ocrx_word' id='word_1_82' title='bbox 409 1319 528 1408; x_wconf 79' lang='lat' dir='ltr'><strong>possit,</strong></span> <span class='ocrx_word' id='word_1_83' title='bbox 556 1318 759 1385; x_wconf 80' lang='lat' dir='ltr'><strong>nisifaetum</strong></span> <span class='ocrx_word' id='word_1_84' title='bbox 779 1320 843 1387; x_wconf 88' lang='lat' dir='ltr'><strong>hoe</strong></span> <span class='ocrx_word' id='word_1_85' title='bbox 864 1344 934 1386; x_wconf 86' lang='lat' dir='ltr'><strong>esse</strong></span> <span class='ocrx_word' id='word_1_86' title='bbox 953 1342 1015 1410; x_wconf 84' lang='lat' dir='ltr'><strong>per</strong></span> <span class='ocrx_word' id='word_1_87' title='bbox 1036 1317 1194 1404; x_wconf 76' lang='grc' dir='ltr'><strong><em>ἀντίληξιν</em></strong></span> <span class='ocrx_word' id='word_1_88' title='bbox 1213 1325 1262 1402; x_wconf 83' lang='grc' dir='ltr'><strong><em>τής</em></strong></span> 
     </span>
     <span class='ocr_line' id='line_1_12' title="bbox 193 1420 1264 1510; baseline -0.002 -23"><span class='ocrx_word' id='word_1_89' title='bbox 193 1421 238 1505; x_wconf 89' lang='grc' dir='ltr'><strong>μή</strong></span> <span class='ocrx_word' id='word_1_90' title='bbox 260 1445 357 1504; x_wconf 82' lang='grc' dir='ltr'><strong><em>οισης</em></strong></span> <span class='ocrx_word' id='word_1_91' title='bbox 378 1422 413 1487; x_wconf 88' lang='lat' dir='ltr'>h</span> <span class='ocrx_word' id='word_1_92' title='bbox 430 1445 459 1487; x_wconf 91' lang='lat' dir='ltr'><strong>e.</strong></span> <span class='ocrx_word' id='word_1_93' title='bbox 449 1444 535 1510; x_wconf 88' lang='lat' dir='ltr'><strong>per</strong></span> <span class='ocrx_word' id='word_1_94' title='bbox 546 1420 789 1488; x_wconf 74' lang='lat' dir='ltr'><strong>restitutionem</strong></span> <span class='ocrx_word' id='word_1_95' title='bbox 809 1422 923 1505; x_wconf 85' lang='lat' dir='ltr'><strong>illam,</strong></span> <span class='ocrx_word' id='word_1_96' title='bbox 951 1445 1053 1508; x_wconf 81' lang='lat' dir='ltr'><strong>quam</strong></span> <span class='ocrx_word' id='word_1_97' title='bbox 1073 1420 1264 1488; x_wconf 83' lang='lat' dir='ltr'><strong>eremodieii</strong></span> 
     </span>
     <span class='ocr_line' id='line_1_13' title="bbox 194 1518 1263 1610; baseline -0.003 -20"><span class='ocrx_word' id='word_1_98' title='bbox 194 1522 468 1590; x_wconf 77' lang='lat' dir='ltr'><strong>restaurationem</strong></span> <span class='ocrx_word' id='word_1_99' title='bbox 483 1544 602 1589; x_wconf 85' lang='lat' dir='ltr'><strong>vocare</strong></span> <span class='ocrx_word' id='word_1_100' title='bbox 616 1523 726 1588; x_wconf 87' lang='lat' dir='ltr'><strong>solent</strong></span> <span class='ocrx_word' id='word_1_101' title='bbox 732 1524 798 1610; x_wconf 63' lang='lat'><strong>,⁹0)</strong></span> <span class='ocrx_word' id='word_1_102' title='bbox 827 1524 867 1589; x_wconf 86' lang='lat' dir='ltr'><strong>de</strong></span> <span class='ocrx_word' id='word_1_103' title='bbox 888 1545 952 1610; x_wconf 88' lang='lat' dir='ltr'><strong>qua</strong></span> <span class='ocrx_word' id='word_1_104' title='bbox 971 1522 1043 1590; x_wconf 81' lang='lat' dir='ltr'><strong>vid.</strong></span> <span class='ocrx_word' id='word_1_105' title='bbox 1056 1518 1130 1590; x_wconf 78' lang='lat' dir='ltr'><strong>Jul.</strong></span> <span class='ocrx_word' id='word_1_106' title='bbox 1143 1523 1263 1590; x_wconf 82' lang='lat' dir='ltr'><strong>Pollux</strong></span> 
     </span>
    </p>
   </div>
   <div class='ocr_carea' id='block_1_4' title="bbox 72 1615 1263 1708">
    <p class='ocr_par' dir='ltr' id='par_1_4' title="bbox 72 1615 1263 1708">
     <span class='ocr_line' id='line_1_14' title="bbox 72 1615 1263 1708; baseline -0.004 -16"><span class='ocrx_word' id='word_1_107' title='bbox 72 1634 76 1643; x_wconf 89' lang='lat'>&#39;</span> <span class='ocrx_word' id='word_1_108' title='bbox 195 1617 295 1704; x_wconf 79' lang='lat' dir='ltr'><strong>Vnt,</strong></span> <span class='ocrx_word' id='word_1_109' title='bbox 316 1625 379 1692; x_wconf 88' lang='grc'><strong>60.</strong></span> <span class='ocrx_word' id='word_1_110' title='bbox 419 1621 557 1708; x_wconf 83' lang='grc' dir='ltr'><strong>ήδέ</strong></span> <span class='ocrx_word' id='word_1_111' title='bbox 515 1651 559 1708; x_wconf 88' lang='grc' dir='ltr'><strong>μη</strong></span> <span class='ocrx_word' id='word_1_112' title='bbox 590 1615 671 1690; x_wconf 91' lang='grc' dir='ltr'><strong><em>ουσα</em></strong></span> <span class='ocrx_word' id='word_1_113' title='bbox 700 1625 771 1708; x_wconf 87' lang='grc' dir='ltr'><strong><em>δίκη</em></strong></span> <span class='ocrx_word' id='word_1_114' title='bbox 793 1623 894 1701; x_wconf 72' lang='grc' dir='ltr'><strong><em>οὕτως</em></strong></span> <span class='ocrx_word' id='word_1_115' title='bbox 919 1620 1112 1704; x_wconf 72' lang='grc' dir='ltr'><strong><em>ὠνομάζετο·</em></strong></span> <span class='ocrx_word' id='word_1_116' title='bbox 1151 1621 1263 1690; x_wconf 74' lang='grc' dir='ltr'><strong><em>ὁπόταν</em></strong></span> 
     </span>
    </p>
   </div>
   <div class='ocr_carea' id='block_1_5' title="bbox 196 1722 1264 1913">
    <p class='ocr_par' dir='ltr' id='par_1_5' title="bbox 196 1722 1264 1913">
     <span class='ocr_line' id='line_1_15' title="bbox 196 1722 1263 1813; baseline -0.002 -22"><span class='ocrx_word' id='word_1_117' title='bbox 196 1751 245 1801; x_wconf 83' lang='grc' dir='ltr'><strong><em>τις</em></strong></span> <span class='ocrx_word' id='word_1_118' title='bbox 259 1727 344 1811; x_wconf 83' lang='grc' dir='ltr'><strong><em>τιαρά</em></strong></span> <span class='ocrx_word' id='word_1_119' title='bbox 360 1727 534 1809; x_wconf 77' lang='grc' dir='ltr'><strong><em>διαιτηταῖς</em></strong></span> <span class='ocrx_word' id='word_1_120' title='bbox 548 1724 840 1813; x_wconf 78' lang='grc' dir='ltr'><strong><em>παραγραψάμενυς</em></strong></span> <span class='ocrx_word' id='word_1_121' title='bbox 854 1723 938 1790; x_wconf 68' lang='grc' dir='ltr'><strong>καλζ</strong></span> <span class='ocrx_word' id='word_1_122' title='bbox 920 1722 1163 1807; x_wconf 81' lang='grc' dir='ltr'><strong><em>υπομοοάμενος</em></strong></span> <span class='ocrx_word' id='word_1_123' title='bbox 1180 1724 1263 1792; x_wconf 82' lang='grc' dir='ltr'><strong><em>νόσον</em></strong></span> 
     </span>
     <span class='ocr_line' id='line_1_16' title="bbox 196 1825 1264 1913; baseline 0.001 -21"><span class='ocrx_word' id='word_1_124' title='bbox 196 1828 216 1912; x_wconf 82' lang='grc' dir='ltr'><strong><em>ή</em></strong></span> <span class='ocrx_word' id='word_1_125' title='bbox 210 1825 421 1911; x_wconf 74' lang='grc' dir='ltr'><strong><em>ἀποδημίαν</em></strong></span> <span class='ocrx_word' id='word_1_126' title='bbox 451 1830 494 1903; x_wconf 77' lang='grc' dir='ltr'><strong><em>τίς</em></strong></span> <span class='ocrx_word' id='word_1_127' title='bbox 524 1826 582 1912; x_wconf 82' lang='grc' dir='ltr'><strong>τήν</strong></span> <span class='ocrx_word' id='word_1_128' title='bbox 612 1829 722 1913; x_wconf 82' lang='grc' dir='ltr'><strong><em>κυρίαν</em></strong></span> <span class='ocrx_word' id='word_1_129' title='bbox 750 1827 795 1911; x_wconf 85' lang='grc' dir='ltr'><strong>μή</strong></span> <span class='ocrx_word' id='word_1_130' title='bbox 828 1826 987 1913; x_wconf 73' lang='grc' dir='ltr'><strong><em>δφδελς”</em></strong></span> <span class='ocrx_word' id='word_1_131' title='bbox 967 1826 1052 1911; x_wconf 85' lang='grc' dir='ltr'><strong>ημή</strong></span> <span class='ocrx_word' id='word_1_132' title='bbox 1085 1825 1264 1912; x_wconf 81' lang='grc' dir='ltr'><strong><em>ἀπαντήσας</em></strong></span> 
     </span>
    </p>
   </div>
   <div class='ocr_carea' id='block_1_6' title="bbox 81 1921 1264 2017">
    <p class='ocr_par' dir='ltr' id='par_1_6' title="bbox 81 1921 1264 2017">
     <span class='ocr_line' id='line_1_17' title="bbox 81 1921 1264 2017; baseline -0.002 -23"><span class='ocrx_word' id='word_1_133' title='bbox 81 1951 84 1958; x_wconf 93' lang='grc'><em>·</em></span> <span class='ocrx_word' id='word_1_134' title='bbox 197 1929 315 2017; x_wconf 89' lang='grc' dir='ltr'><strong><em>ἐρήμην</em></strong></span> <span class='ocrx_word' id='word_1_135' title='bbox 342 1928 442 2015; x_wconf 76' lang='grc' dir='ltr'><strong><em>ὄφλῃ,</em></strong></span> <span class='ocrx_word' id='word_1_136' title='bbox 481 1929 552 2012; x_wconf 84' lang='grc' dir='ltr'><strong><em>ἐξήν</em></strong></span> <span class='ocrx_word' id='word_1_137' title='bbox 573 1928 660 2004; x_wconf 81' lang='grc' dir='ltr'><strong><em>ἐντὸς</em></strong></span> <span class='ocrx_word' id='word_1_138' title='bbox 682 1930 756 1994; x_wconf 82' lang='grc' dir='ltr'><strong><em>δίκα</em></strong></span> <span class='ocrx_word' id='word_1_139' title='bbox 777 1926 899 2014; x_wconf 79' lang='grc' dir='ltr'><strong><em>ἡμερῶν</em></strong></span> <span class='ocrx_word' id='word_1_140' title='bbox 918 1927 978 2007; x_wconf 83' lang='grc' dir='ltr'><strong>τήν</strong></span> <span class='ocrx_word' id='word_1_141' title='bbox 995 1928 1042 2012; x_wconf 88' lang='grc' dir='ltr'><strong>μή</strong></span> <span class='ocrx_word' id='word_1_142' title='bbox 1061 1921 1167 2002; x_wconf 73' lang='grc' dir='ltr'><strong><em>ὀὖσαν</em></strong></span> <span class='ocrx_word' id='word_1_143' title='bbox 1181 1928 1264 2013; x_wconf 80' lang='grc' dir='ltr'><strong>Ιἀντι-</strong></span> 
     </span>
    </p>
   </div>
   <div class='ocr_carea' id='block_1_7' title="bbox 196 2027 1308 2226">
    <p class='ocr_par' dir='ltr' id='par_1_7' title="bbox 196 2027 1308 2226">
     <span class='ocr_line' id='line_1_18' title="bbox 196 2027 1308 2119; baseline 0 -24"><span class='ocrx_word' id='word_1_144' title='bbox 196 2028 325 2119; x_wconf 70' lang='grc' dir='ltr'><strong><em>γράφειν</em></strong></span> <span class='ocrx_word' id='word_1_145' title='bbox 353 2030 446 2115; x_wconf 83' lang='lat' dir='ltr'><strong>(mel.</strong></span> <span class='ocrx_word' id='word_1_146' title='bbox 467 2029 652 2116; x_wconf 80' lang='grc' dir='ltr'><strong><em>ἀντιλαχεῖν)</em></strong></span> <span class='ocrx_word' id='word_1_147' title='bbox 680 2032 733 2094; x_wconf 80' lang='grc' dir='ltr'><strong>καὶ</strong></span> <span class='ocrx_word' id='word_1_148' title='bbox 749 2027 779 2113; x_wconf 80' lang='grc' dir='ltr'><strong><em>ἡ</em></strong></span> <span class='ocrx_word' id='word_1_149' title='bbox 811 2028 910 2116; x_wconf 90' lang='grc' dir='ltr'><strong><em>ἐρήμη</em></strong></span> <span class='ocrx_word' id='word_1_150' title='bbox 930 2028 1032 2097; x_wconf 80' lang='grc' dir='ltr'><strong><em>ἐλάιτυ</em></strong></span> <span class='ocrx_word' id='word_1_151' title='bbox 1053 2028 1100 2107; x_wconf 81' lang='grc' dir='ltr'><strong>ὥς</strong></span> <span class='ocrx_word' id='word_1_152' title='bbox 1119 2030 1159 2109; x_wconf 77' lang='grc' dir='ltr'><strong>ἐξ·</strong></span> <span class='ocrx_word' id='word_1_153' title='bbox 1176 2031 1264 2116; x_wconf 78' lang='grc' dir='ltr'><strong><em>ἀρχῆς</em></strong></span> <span class='ocrx_word' id='word_1_154' title='bbox 1305 2054 1308 2085; x_wconf 89' lang='lat'><em>=</em></span> 
     </span>
     <span class='ocr_line' id='line_1_19' title="bbox 198 2127 1308 2226; baseline -0.001 -29"><span class='ocrx_word' id='word_1_155' title='bbox 198 2133 300 2198; x_wconf 72' lang='grc' dir='ltr'><strong><em>ἐλθεῖν</em></strong></span> <span class='ocrx_word' id='word_1_156' title='bbox 322 2132 369 2195; x_wconf 77' lang='grc' dir='ltr'><strong>ἐπὶ</strong></span> <span class='ocrx_word' id='word_1_157' title='bbox 391 2127 563 2215; x_wconf 88' lang='grc' dir='ltr'><strong><em>διαιτητήν.</em></strong></span> <span class='ocrx_word' id='word_1_158' title='bbox 605 2130 718 2218; x_wconf 78' lang='lat' dir='ltr'><strong>(Cous.</strong></span> <span class='ocrx_word' id='word_1_159' title='bbox 742 2132 783 2197; x_wconf 84' lang='lat' dir='ltr'><strong>de</strong></span> <span class='ocrx_word' id='word_1_160' title='bbox 803 2133 838 2199; x_wconf 86' lang='lat' dir='ltr'><strong>h.</strong></span> <span class='ocrx_word' id='word_1_161' title='bbox 868 2133 893 2198; x_wconf 84' lang='lat' dir='ltr'><strong>l.</strong></span> <span class='ocrx_word' id='word_1_162' title='bbox 916 2154 1000 2220; x_wconf 85' lang='lat' dir='ltr'><strong>qnae</strong></span> <span class='ocrx_word' id='word_1_163' title='bbox 1021 2131 1110 2199; x_wconf 84' lang='lat' dir='ltr'><strong>dieta</strong></span> <span class='ocrx_word' id='word_1_164' title='bbox 1132 2149 1211 2200; x_wconf 83' lang='lat' dir='ltr'><strong>sunt</strong></span> <span class='ocrx_word' id='word_1_165' title='bbox 1229 2134 1275 2226; x_wconf 27' lang='lat' dir='ltr'><strong>de·</strong></span> <span class='ocrx_word' id='word_1_166' title='bbox 1305 2158 1308 2171; x_wconf 78' lang='lat'>¹</span> 
     </span>
    </p>
   </div>
   <div class='ocr_carea' id='block_1_8' title="bbox 67 2222 1308 2331">
    <p class='ocr_par' dir='ltr' id='par_1_8' title="bbox 67 2222 1308 2331">
     <span class='ocr_line' id='line_1_20' title="bbox 67 2222 1308 2331; baseline -0.004 -27"><span class='ocrx_word' id='word_1_167' title='bbox 67 2243 71 2251; x_wconf 90' lang='lat'>&#39;</span> <span class='ocrx_word' id='word_1_168' title='bbox 120 2296 124 2313; x_wconf 85' lang='grc'><strong><em>,</em></strong></span> <span class='ocrx_word' id='word_1_169' title='bbox 165 2233 358 2325; x_wconf 65' lang='grc' dir='ltr'><strong>“οτδ.ήαδ.</strong></span> <span class='ocrx_word' id='word_1_170' title='bbox 379 2258 413 2323; x_wconf 88' lang='lat' dir='ltr'><strong>p.</strong></span> <span class='ocrx_word' id='word_1_171' title='bbox 430 2235 495 2300; x_wconf 85' lang='lat'><strong>697</strong></span> <span class='ocrx_word' id='word_1_172' title='bbox 515 2257 563 2320; x_wconf 88' lang='lat' dir='ltr'><strong>sq.</strong></span> <span class='ocrx_word' id='word_1_173' title='bbox 585 2248 619 2298; x_wconf 88' lang='lat' dir='ltr'><strong>et</strong></span> <span class='ocrx_word' id='word_1_174' title='bbox 638 2258 671 2323; x_wconf 89' lang='lat' dir='ltr'><strong>p.</strong></span> <span class='ocrx_word' id='word_1_175' title='bbox 691 2233 756 2301; x_wconf 80' lang='lat'><strong>755</strong></span> <span class='ocrx_word' id='word_1_176' title='bbox 776 2234 864 2322; x_wconf 74' lang='lat' dir='ltr'><strong>sqq.)</strong></span> <span class='ocrx_word' id='word_1_177' title='bbox 906 2235 959 2303; x_wconf 82' lang='grc' dir='ltr'><strong>Δο</strong></span> <span class='ocrx_word' id='word_1_178' title='bbox 972 2234 1045 2302; x_wconf 85' lang='lat' dir='ltr'><strong>veri</strong></span> <span class='ocrx_word' id='word_1_179' title='bbox 1056 2234 1263 2302; x_wconf 77' lang='lat' dir='ltr'><strong>simillimus</strong></span> <span class='ocrx_word' id='word_1_180' title='bbox 1299 2222 1308 2331; x_wconf 39' lang='grc' dir='ltr'>Ἰ</span> 
     </span>
    </p>
   </div>
   <div class='ocr_carea' id='block_1_9' title="bbox 105 2334 1304 3946">
    <p class='ocr_par' dir='ltr' id='par_1_9' title="bbox 117 2334 1261 2632">
     <span class='ocr_line' id='line_1_21' title="bbox 198 2334 1261 2455; baseline -0.002 -51"><span class='ocrx_word' id='word_1_181' title='bbox 198 2336 305 2404; x_wconf 89' lang='lat' dir='ltr'><strong>estin</strong></span> <span class='ocrx_word' id='word_1_182' title='bbox 325 2334 437 2425; x_wconf 88' lang='lat' dir='ltr'><strong>priore</strong></span> <span class='ocrx_word' id='word_1_183' title='bbox 459 2334 565 2400; x_wconf 83' lang='lat' dir='ltr'><strong>diaeta</strong></span> <span class='ocrx_word' id='word_1_184' title='bbox 587 2336 776 2404; x_wconf 88' lang='lat' dir='ltr'><strong>absolutum</strong></span> <span class='ocrx_word' id='word_1_185' title='bbox 796 2358 866 2402; x_wconf 86' lang='lat' dir='ltr'><strong>esse</strong></span> <span class='ocrx_word' id='word_1_186' title='bbox 886 2335 1100 2455; x_wconf 75' lang='lat' dir='ltr'><strong>Euphiletum</strong></span> <span class='ocrx_word' id='word_1_187' title='bbox 1125 2339 1261 2419; x_wconf 82' lang='lat' dir='ltr'><strong>absente,</strong></span> 
     </span>
     <span class='ocr_line' id='line_1_22' title="bbox 199 2437 1260 2528; baseline -0.001 -25"><span class='ocrx_word' id='word_1_188' title='bbox 199 2453 334 2528; x_wconf 90' lang='lat' dir='ltr'><strong>propter</strong></span> <span class='ocrx_word' id='word_1_189' title='bbox 349 2439 504 2503; x_wconf 86' lang='lat' dir='ltr'><strong>morbum</strong></span> <span class='ocrx_word' id='word_1_190' title='bbox 517 2437 673 2521; x_wconf 86' lang='lat' dir='ltr'><strong>fortasse,</strong></span> <span class='ocrx_word' id='word_1_191' title='bbox 695 2437 908 2518; x_wconf 84' lang='lat' dir='ltr'><strong>adversario,</strong></span> <span class='ocrx_word' id='word_1_192' title='bbox 931 2463 989 2527; x_wconf 88' lang='lat' dir='ltr'><strong>qur</strong></span> <span class='ocrx_word' id='word_1_193' title='bbox 978 2437 1139 2524; x_wconf 88' lang='lat' dir='ltr'><strong>quidem</strong></span> <span class='ocrx_word' id='word_1_194' title='bbox 1160 2439 1260 2526; x_wconf 83' lang='lat' dir='ltr'><strong>paullo</strong></span> 
     </span>
     <span class='ocr_line' id='line_1_23' title="bbox 117 2536 1260 2655; baseline -0.003 -48"><span class='ocrx_word' id='word_1_195' title='bbox 117 2536 120 2541; x_wconf 70' lang='grc'><strong>’</strong></span> <span class='ocrx_word' id='word_1_196' title='bbox 183 2555 272 2655; x_wconf 84' lang='lat' dir='ltr'><strong>¹post</strong></span> <span class='ocrx_word' id='word_1_197' title='bbox 294 2539 393 2606; x_wconf 88' lang='lat' dir='ltr'><strong>etiam</strong></span> <span class='ocrx_word' id='word_1_198' title='bbox 414 2554 564 2606; x_wconf 83' lang='lat' dir='ltr'><strong>mortuus</strong></span> <span class='ocrx_word' id='word_1_199' title='bbox 586 2563 655 2605; x_wconf 89' lang='lat' dir='ltr'><strong>esse</strong></span> <span class='ocrx_word' id='word_1_200' title='bbox 678 2538 857 2626; x_wconf 74' lang='lat' dir='ltr'><strong>dicitnr§.</strong></span> <span class='ocrx_word' id='word_1_201' title='bbox 877 2540 930 2607; x_wconf 83' lang='lat'><strong>11.</strong></span> <span class='ocrx_word' id='word_1_202' title='bbox 973 2539 1065 2607; x_wconf 83' lang='lat' dir='ltr'>Dein</span> <span class='ocrx_word' id='word_1_203' title='bbox 1085 2541 1131 2606; x_wconf 89' lang='lat' dir='ltr'><strong>ab</strong></span> <span class='ocrx_word' id='word_1_204' title='bbox 1153 2538 1260 2608; x_wconf 83' lang='lat' dir='ltr'><strong>Erchi-</strong></span> 
     </span>
    </p>

    <p class='ocr_par' dir='ltr' id='par_1_10' title="bbox 199 2614 1261 2729">
     <span class='ocr_line' id='line_1_24' title="bbox 199 2614 1261 2729; baseline -0.002 -21"><span class='ocrx_word' id='word_1_205' title='bbox 199 2614 333 2708; x_wconf 89' lang='lat' dir='ltr'><strong>ensibus</strong></span> <span class='ocrx_word' id='word_1_206' title='bbox 354 2663 414 2729; x_wconf 92' lang='lat' dir='ltr'><strong>per</strong></span> <span class='ocrx_word' id='word_1_207' title='bbox 433 2664 557 2707; x_wconf 85' lang='lat' dir='ltr'><strong>novum</strong></span> <span class='ocrx_word' id='word_1_208' title='bbox 579 2641 720 2708; x_wconf 84' lang='lat' dir='ltr'><strong>sortasse</strong></span> <span class='ocrx_word' id='word_1_209' title='bbox 742 2641 957 2707; x_wconf 83' lang='lat' dir='ltr'><strong>demarchum</strong></span> <span class='ocrx_word' id='word_1_210' title='bbox 978 2640 1189 2729; x_wconf 89' lang='lat' dir='ltr'><strong>restitutione</strong></span> <span class='ocrx_word' id='word_1_211' title='bbox 1208 2643 1261 2707; x_wconf 91' lang='lat' dir='ltr'><strong>im·</strong></span> 
     </span>
    </p>

    <p class='ocr_par' dir='ltr' id='par_1_11' title="bbox 135 2741 1283 3543">
     <span class='ocr_line' id='line_1_25' title="bbox 198 2741 1283 2835; baseline -0.005 -26"><span class='ocrx_word' id='word_1_212' title='bbox 198 2757 327 2831; x_wconf 84' lang='lat' dir='ltr'><strong>patrata</strong></span> <span class='ocrx_word' id='word_1_213' title='bbox 348 2764 401 2809; x_wconf 86' lang='lat' dir='ltr'><strong>res</strong></span> <span class='ocrx_word' id='word_1_214' title='bbox 421 2741 543 2808; x_wconf 89' lang='lat' dir='ltr'><strong>iterum</strong></span> <span class='ocrx_word' id='word_1_215' title='bbox 564 2742 600 2808; x_wconf 91' lang='lat' dir='ltr'><strong>in</strong></span> <span class='ocrx_word' id='word_1_216' title='bbox 626 2743 787 2835; x_wconf 88' lang='lat' dir='ltr'><strong>judicium</strong></span> <span class='ocrx_word' id='word_1_217' title='bbox 810 2744 947 2810; x_wconf 85' lang='lat' dir='ltr'><strong>deducta</strong></span> <span class='ocrx_word' id='word_1_218' title='bbox 969 2757 1095 2810; x_wconf 77' lang='lat' dir='ltr'><strong>est.-</strong></span> <span class='ocrx_word' id='word_1_219' title='bbox 1123 2745 1261 2833; x_wconf 79' lang='lat' dir='ltr'><strong>Apparet</strong></span> <span class='ocrx_word' id='word_1_220' title='bbox 1279 2758 1283 2765; x_wconf 84' lang='grc'><strong><em>’</em></strong></span> 
     </span>
     <span class='ocr_line' id='line_1_26' title="bbox 199 2843 1261 2968; baseline -0.001 -58"><span class='ocrx_word' id='word_1_221' title='bbox 199 2860 310 2910; x_wconf 90' lang='lat' dir='ltr'><strong>autem</strong></span> <span class='ocrx_word' id='word_1_222' title='bbox 340 2868 384 2909; x_wconf 86' lang='lat' dir='ltr'><strong>ex</strong></span> <span class='ocrx_word' id='word_1_223' title='bbox 411 2843 465 2909; x_wconf 89' lang='lat' dir='ltr'><strong>his</strong></span> <span class='ocrx_word' id='word_1_224' title='bbox 486 2844 660 2968; x_wconf 48' lang='lat' dir='ltr'><strong>quomodo,</strong></span> <span class='ocrx_word' id='word_1_225' title='bbox 672 2845 862 2933; x_wconf 82' lang='lat' dir='ltr'><strong>accipienda</strong></span> <span class='ocrx_word' id='word_1_226' title='bbox 893 2845 960 2911; x_wconf 88' lang='lat' dir='ltr'><strong>sint</strong></span> <span class='ocrx_word' id='word_1_227' title='bbox 980 2869 1063 2930; x_wconf 87' lang='lat' dir='ltr'><strong>quae</strong></span> <span class='ocrx_word' id='word_1_228' title='bbox 1096 2845 1136 2933; x_wconf 52' lang='grc' dir='ltr'><strong>ᾗ.</strong></span> <span class='ocrx_word' id='word_1_229' title='bbox 1161 2847 1200 2911; x_wconf 91' lang='grc'><strong>11</strong></span> <span class='ocrx_word' id='word_1_230' title='bbox 1221 2846 1261 2909; x_wconf 63' lang='lat' dir='ltr'><strong>let</strong></span> 
     </span>
     <span class='ocr_line' id='line_1_27' title="bbox 135 2942 1262 3032; baseline -0.002 -22"><span class='ocrx_word' id='word_1_231' title='bbox 135 2972 139 2980; x_wconf 70' lang='lat'><strong><em>¹</em></strong></span> <span class='ocrx_word' id='word_1_232' title='bbox 199 2960 344 3032; x_wconf 82' lang='lat' dir='ltr'><strong>guntur.</strong></span> <span class='ocrx_word' id='word_1_233' title='bbox 375 2942 660 3031; x_wconf 77' lang='grc' dir='ltr'><strong><em>κατεδιῄτησαν’</em></strong></span> <span class='ocrx_word' id='word_1_234' title='bbox 623 2951 725 3011; x_wconf 83' lang='grc' dir='ltr'><strong><em>αυτῶν</em></strong></span> <span class='ocrx_word' id='word_1_235' title='bbox 746 2942 929 3032; x_wconf 82' lang='grc' dir='ltr'><strong><em>ἀμφότεροι.</em></strong></span> <span class='ocrx_word' id='word_1_236' title='bbox 979 2943 1116 3023; x_wconf 80' lang='lat' dir='ltr'>Scilicet</span> <span class='ocrx_word' id='word_1_237' title='bbox 1137 2962 1262 3032; x_wconf 89' lang='lat' dir='ltr'><strong>uterque</strong></span> 
     </span>
     <span class='ocr_line' id='line_1_28' title="bbox 147 3045 1264 3137; baseline -0.003 -24"><span class='ocrx_word' id='word_1_238' title='bbox 147 3056 150 3063; x_wconf 87' lang='lat'>&#39;</span> <span class='ocrx_word' id='word_1_239' title='bbox 199 3047 341 3117; x_wconf 80' lang='lat' dir='ltr'><strong>diaeteta</strong></span> <span class='ocrx_word' id='word_1_240' title='bbox 370 3062 485 3113; x_wconf 84' lang='lat' dir='ltr'><strong>eontra</strong></span> <span class='ocrx_word' id='word_1_241' title='bbox 506 3047 702 3114; x_wconf 83' lang='lat' dir='ltr'><strong>Erchienses</strong></span> <span class='ocrx_word' id='word_1_242' title='bbox 731 3049 963 3137; x_wconf 78' lang='lat' dir='ltr'><strong>pronuntiasse</strong></span> <span class='ocrx_word' id='word_1_243' title='bbox 984 3047 1130 3133; x_wconf 80' lang='lat' dir='ltr'><strong>dicitur,</strong></span> <span class='ocrx_word' id='word_1_244' title='bbox 1163 3065 1196 3114; x_wconf 88' lang='lat' dir='ltr'><strong>et</strong></span> <span class='ocrx_word' id='word_1_245' title='bbox 1215 3045 1264 3133; x_wconf 93' lang='lat' dir='ltr'><strong>qui</strong></span> 
     </span>
     <span class='ocr_line' id='line_1_29' title="bbox 198 3147 1275 3267; baseline -0.002 -54"><span class='ocrx_word' id='word_1_246' title='bbox 198 3148 347 3267; x_wconf 87' lang='lat' dir='ltr'><strong>priorem</strong></span> <span class='ocrx_word' id='word_1_247' title='bbox 373 3147 515 3214; x_wconf 80' lang='lat' dir='ltr'><strong>diaetam</strong></span> <span class='ocrx_word' id='word_1_248' title='bbox 543 3165 575 3214; x_wconf 89' lang='lat' dir='ltr'><strong>et</strong></span> <span class='ocrx_word' id='word_1_249' title='bbox 602 3150 659 3235; x_wconf 87' lang='lat' dir='ltr'><strong>qni</strong></span> <span class='ocrx_word' id='word_1_250' title='bbox 687 3151 904 3238; x_wconf 84' lang='lat' dir='ltr'><strong>posteriorem</strong></span> <span class='ocrx_word' id='word_1_251' title='bbox 933 3148 1097 3215; x_wconf 84' lang='lat' dir='ltr'><strong>exercuit.</strong></span> <span class='ocrx_word' id='word_1_252' title='bbox 1161 3153 1275 3235; x_wconf 87' lang='lat' dir='ltr'><strong>Neque</strong></span> 
     </span>
     <span class='ocr_line' id='line_1_30' title="bbox 198 3248 1262 3340; baseline -0.002 -25"><span class='ocrx_word' id='word_1_253' title='bbox 198 3249 303 3336; x_wconf 85' lang='lat' dir='ltr'><strong>igitur</strong></span> <span class='ocrx_word' id='word_1_254' title='bbox 323 3263 410 3314; x_wconf 86' lang='lat' dir='ltr'><strong>reete</strong></span> <span class='ocrx_word' id='word_1_255' title='bbox 431 3272 476 3314; x_wconf 88' lang='lat' dir='ltr'><strong>ex</strong></span> <span class='ocrx_word' id='word_1_256' title='bbox 486 3250 540 3316; x_wconf 85' lang='lat' dir='ltr'><strong>hie</strong></span> <span class='ocrx_word' id='word_1_257' title='bbox 555 3251 667 3318; x_wconf 89' lang='lat' dir='ltr'><strong>verbis</strong></span> <span class='ocrx_word' id='word_1_258' title='bbox 689 3250 971 3319; x_wconf 83' lang='lat' dir='ltr'><strong>Hndtwalckerus</strong></span> <span class='ocrx_word' id='word_1_259' title='bbox 992 3248 1155 3340; x_wconf 79' lang='lat' dir='ltr'><strong>conjecit,</strong></span> <span class='ocrx_word' id='word_1_260' title='bbox 1179 3252 1262 3317; x_wconf 87' lang='lat' dir='ltr'><strong>binos</strong></span> 
     </span>
     <span class='ocr_line' id='line_1_31' title="bbox 198 3348 1261 3440; baseline -0.001 -24"><span class='ocrx_word' id='word_1_261' title='bbox 198 3348 345 3417; x_wconf 88' lang='lat' dir='ltr'><strong>fnisse</strong></span> <span class='ocrx_word' id='word_1_262' title='bbox 332 3374 371 3415; x_wconf 84' lang='lat' dir='ltr'><strong>rn</strong></span> <span class='ocrx_word' id='word_1_263' title='bbox 401 3364 539 3436; x_wconf 91' lang='lat' dir='ltr'><strong>utraque</strong></span> <span class='ocrx_word' id='word_1_264' title='bbox 571 3351 697 3418; x_wconf 67' lang='lat' dir='ltr'><strong>diaetas</strong></span> <span class='ocrx_word' id='word_1_265' title='bbox 728 3352 878 3439; x_wconf 87' lang='lat' dir='ltr'><strong>singulos</strong></span> <span class='ocrx_word' id='word_1_266' title='bbox 907 3351 1009 3418; x_wconf 85' lang='lat' dir='ltr'><strong>fuisse</strong></span> <span class='ocrx_word' id='word_1_267' title='bbox 1023 3382 1026 3389; x_wconf 64' lang='lat'><strong><em>¹</em></strong></span> <span class='ocrx_word' id='word_1_268' title='bbox 1042 3350 1166 3419; x_wconf 86' lang='lat' dir='ltr'><strong>docent</strong></span> <span class='ocrx_word' id='word_1_269' title='bbox 1193 3371 1261 3440; x_wconf 86' lang='lat' dir='ltr'><strong>quae</strong></span> 
     </span>
     <span class='ocr_line' id='line_1_32' title="bbox 198 3448 1260 3543; baseline -0.001 -25"><span class='ocrx_word' id='word_1_270' title='bbox 198 3453 312 3543; x_wconf 89' lang='lat' dir='ltr'><strong>paullo</strong></span> <span class='ocrx_word' id='word_1_271' title='bbox 334 3465 410 3516; x_wconf 89' lang='lat' dir='ltr'><strong>ante</strong></span> <span class='ocrx_word' id='word_1_272' title='bbox 438 3451 524 3517; x_wconf 86' lang='lat' dir='ltr'><strong>dicta</strong></span> <span class='ocrx_word' id='word_1_273' title='bbox 551 3466 628 3518; x_wconf 87' lang='lat' dir='ltr'><strong>sunt</strong></span> <span class='ocrx_word' id='word_1_274' title='bbox 655 3452 693 3540; x_wconf 55' lang='grc' dir='ltr'><strong>ᾗ.</strong></span> <span class='ocrx_word' id='word_1_275' title='bbox 717 3454 754 3519; x_wconf 74' lang='lat'><strong>92</strong></span> <span class='ocrx_word' id='word_1_276' title='bbox 786 3448 885 3537; x_wconf 85' lang='grc' dir='ltr'><strong>ήτοῦ</strong></span> <span class='ocrx_word' id='word_1_277' title='bbox 905 3448 1085 3538; x_wconf 76' lang='grc' dir='ltr'><strong><em>Εὐφιλήτου</em></strong></span> <span class='ocrx_word' id='word_1_278' title='bbox 1105 3450 1212 3538; x_wconf 85' lang='grc' dir='ltr'><strong><em>μήτηρ</em></strong></span> <span class='ocrx_word' id='word_1_279' title='bbox 1228 3484 1260 3500; x_wconf 51' lang='lat' dir='ltr'><strong>a</strong></span> 
     </span>
    </p>

    <p class='ocr_par' dir='ltr' id='par_1_12' title="bbox 105 3547 1304 3946">
     <span class='ocr_line' id='line_1_33' title="bbox 105 3547 1261 3640; baseline -0.001 -23"><span class='ocrx_word' id='word_1_280' title='bbox 105 3602 109 3607; x_wconf 86' lang='lat'><em>-</em></span> <span class='ocrx_word' id='word_1_281' title='bbox 199 3551 292 3638; x_wconf 80' lang='grc' dir='ltr'><strong><em>ὅρκον</em></strong></span> <span class='ocrx_word' id='word_1_282' title='bbox 324 3547 440 3634; x_wconf 80' lang='grc' dir='ltr'><strong><em>ὀμόσαι</em></strong></span> <span class='ocrx_word' id='word_1_283' title='bbox 468 3551 517 3616; x_wconf 78' lang='grc' dir='ltr'><strong><em>ἐιιὶ</em></strong></span> <span class='ocrx_word' id='word_1_284' title='bbox 544 3559 600 3618; x_wconf 84' lang='grc' dir='ltr'><strong><em>τοῦ</em></strong></span> <span class='ocrx_word' id='word_1_285' title='bbox 631 3555 790 3636; x_wconf 75' lang='grc' dir='ltr'><strong><em>διαιτητοῦ</em></strong></span> <span class='ocrx_word' id='word_1_286' title='bbox 819 3555 901 3640; x_wconf 82' lang='lat' dir='ltr'><strong>(non</strong></span> <span class='ocrx_word' id='word_1_287' title='bbox 929 3554 978 3618; x_wconf 80' lang='grc' dir='ltr'><strong>ἐπὶ</strong></span> <span class='ocrx_word' id='word_1_288' title='bbox 1005 3557 1069 3620; x_wconf 81' lang='grc' dir='ltr'><strong>τῶν</strong></span> <span class='ocrx_word' id='word_1_289' title='bbox 1091 3553 1261 3639; x_wconf 65' lang='grc' dir='ltr'><strong><em>διαιτητῶν)</em></strong></span> 
     </span>
     <span class='ocr_line' id='line_1_34' title="bbox 200 3647 1262 3742; baseline 0.001 -26"><span class='ocrx_word' id='word_1_290' title='bbox 200 3651 355 3734; x_wconf 75' lang='grc' dir='ltr'><strong><em>ἐβούλετο.</em></strong></span> <span class='ocrx_word' id='word_1_291' title='bbox 399 3650 465 3720; x_wconf 81' lang='lat' dir='ltr'><strong>Sed</strong></span> <span class='ocrx_word' id='word_1_292' title='bbox 488 3670 589 3720; x_wconf 84' lang='lat' dir='ltr'><strong>restat</strong></span> <span class='ocrx_word' id='word_1_293' title='bbox 610 3654 677 3721; x_wconf 87' lang='lat' dir='ltr'><strong>alia</strong></span> <span class='ocrx_word' id='word_1_294' title='bbox 699 3656 874 3721; x_wconf 86' lang='lat' dir='ltr'><strong>difficultas</strong></span> <span class='ocrx_word' id='word_1_295' title='bbox 895 3655 932 3720; x_wconf 94' lang='lat' dir='ltr'><strong>in</strong></span> <span class='ocrx_word' id='word_1_296' title='bbox 953 3655 1007 3722; x_wconf 83' lang='lat' dir='ltr'><strong>his</strong></span> <span class='ocrx_word' id='word_1_297' title='bbox 1030 3655 1069 3742; x_wconf 54' lang='grc' dir='ltr'><strong>ᾧ.</strong></span> <span class='ocrx_word' id='word_1_298' title='bbox 1094 3657 1158 3725; x_wconf 80' lang='lat'><strong>11:</strong></span> <span class='ocrx_word' id='word_1_299' title='bbox 1191 3647 1262 3723; x_wconf 73' lang='grc' dir='ltr'><strong><em>οὗτοι</em></strong></span> 
     </span>
     <span class='ocr_line' id='line_1_35' title="bbox 200 3749 1264 3846; baseline 0.003 -28"><span class='ocrx_word' id='word_1_300' title='bbox 200 3755 251 3832; x_wconf 85' lang='grc' dir='ltr'><strong>δέ,</strong></span> <span class='ocrx_word' id='word_1_301' title='bbox 285 3752 386 3836; x_wconf 59' lang='lat' dir='ltr'><strong>taeter}</strong></span> <span class='ocrx_word' id='word_1_302' title='bbox 415 3751 521 3836; x_wconf 76' lang='grc' dir='ltr'><strong><em>ἔλαχον</em></strong></span> <span class='ocrx_word' id='word_1_303' title='bbox 543 3753 559 3819; x_wconf 86' lang='grc' dir='ltr'>ὅ</span> <span class='ocrx_word' id='word_1_304' title='bbox 583 3754 759 3840; x_wconf 78' lang='grc' dir='ltr'><strong><em>Εὐφίλητος</em></strong></span> <span class='ocrx_word' id='word_1_305' title='bbox 779 3756 837 3840; x_wconf 89' lang='grc' dir='ltr'><strong>τήν</strong></span> <span class='ocrx_word' id='word_1_306' title='bbox 859 3756 946 3840; x_wconf 88' lang='grc' dir='ltr'><strong><em>δίκην</em></strong></span> <span class='ocrx_word' id='word_1_307' title='bbox 973 3749 1212 3846; x_wconf 79' lang='grc' dir='ltr'><strong><em>τήνπρυτίραν</em></strong></span> <span class='ocrx_word' id='word_1_308' title='bbox 1228 3757 1264 3843; x_wconf 74' lang='grc' dir='ltr'><strong>τήν</strong></span> 
     </span>
     <span class='ocr_line' id='line_1_36' title="bbox 200 3855 1304 3946; baseline 0.002 -27"><span class='ocrx_word' id='word_1_309' title='bbox 200 3860 292 3942; x_wconf 73' lang='grc' dir='ltr'><strong><em>κοινῷ</em></strong></span> <span class='ocrx_word' id='word_1_310' title='bbox 318 3856 547 3940; x_wconf 82' lang='grc' dir='ltr'><strong><em>τῶνδημοτῶν</em></strong></span> <span class='ocrx_word' id='word_1_311' title='bbox 568 3858 620 3921; x_wconf 81' lang='grc' dir='ltr'><strong>καὶ</strong></span> <span class='ocrx_word' id='word_1_312' title='bbox 641 3863 686 3945; x_wconf 72' lang='grc' dir='ltr'><strong><em>τῷ</em></strong></span> <span class='ocrx_word' id='word_1_313' title='bbox 706 3855 776 3923; x_wconf 83' lang='grc' dir='ltr'><strong><em>τότε</em></strong></span> <span class='ocrx_word' id='word_1_314' title='bbox 799 3859 1028 3946; x_wconf 75' lang='grc' dir='ltr'><strong><em>δημαρχοῦντι,</em></strong></span> <span class='ocrx_word' id='word_1_315' title='bbox 1060 3857 1099 3937; x_wconf 78' lang='grc' dir='ltr'><strong>ὃς</strong></span> <span class='ocrx_word' id='word_1_316' title='bbox 1118 3866 1175 3928; x_wconf 76' lang='grc' dir='ltr'><strong>νῦν</strong></span> <span class='ocrx_word' id='word_1_317' title='bbox 1194 3880 1264 3926; x_wconf 81' lang='grc' dir='ltr'><strong><em>τετε·</em></strong></span> <span class='ocrx_word' id='word_1_318' title='bbox 1301 3908 1304 3913; x_wconf 91' lang='grc'><strong>.</strong></span> 
     </span>
    </p>
   </div>
   <div class='ocr_carea' id='block_1_10' title="bbox 203 4009 403 4024">
    <p class='ocr_par' dir='ltr' id='par_1_13' title="bbox 203 4009 403 4024">
     <span class='ocr_line' id='line_1_37' title="bbox 203 4009 403 4024; baseline -0.015 0"><span class='ocrx_word' id='word_1_319' title='bbox 203 4009 403 4024; x_wconf 51' lang='grc' dir='ltr'><strong><em>Μ</em></strong></span> 
     </span>
    </p>
   </div>
   <div class='ocr_carea' id='block_1_11' title="bbox 235 4093 894 4252">
    <p class='ocr_par' dir='ltr' id='par_1_14' title="bbox 235 4093 894 4252">
     <span class='ocr_line' id='line_1_38' title="bbox 236 4093 662 4171; baseline 0 -20"><span class='ocrx_word' id='word_1_320' title='bbox 236 4093 264 4164; x_wconf 68' lang='lat'><strong>⁹)</strong></span> <span class='ocrx_word' id='word_1_321' title='bbox 283 4094 343 4151; x_wconf 85' lang='lat' dir='ltr'><strong>Cic.</strong></span> <span class='ocrx_word' id='word_1_322' title='bbox 358 4111 415 4165; x_wconf 84' lang='lat' dir='ltr'><strong>pro</strong></span> <span class='ocrx_word' id='word_1_323' title='bbox 433 4093 573 4171; x_wconf 81' lang='lat' dir='ltr'><strong>Quinctio</strong></span> <span class='ocrx_word' id='word_1_324' title='bbox 590 4111 616 4151; x_wconf 88' lang='lat' dir='ltr'><strong>c.</strong></span> <span class='ocrx_word' id='word_1_325' title='bbox 634 4096 662 4151; x_wconf 78' lang='grc' dir='ltr'><strong>λ.</strong></span> 
     </span>
     <span class='ocr_line' id='line_1_39' title="bbox 235 4174 894 4252; baseline 0.002 -16"><span class='ocrx_word' id='word_1_326' title='bbox 235 4177 279 4247; x_wconf 70' lang='lat'><strong>⁰¹¹)</strong></span> <span class='ocrx_word' id='word_1_327' title='bbox 297 4176 344 4235; x_wconf 81' lang='lat' dir='ltr'><strong>ef.</strong></span> <span class='ocrx_word' id='word_1_328' title='bbox 362 4174 592 4239; x_wconf 82' lang='lat' dir='ltr'><strong>Hndtwalcker.</strong></span> <span class='ocrx_word' id='word_1_329' title='bbox 611 4180 648 4235; x_wconf 90' lang='lat' dir='ltr'><strong>de</strong></span> <span class='ocrx_word' id='word_1_330' title='bbox 665 4177 763 4237; x_wconf 87' lang='lat' dir='ltr'><strong>Diaet.</strong></span> <span class='ocrx_word' id='word_1_331' title='bbox 781 4196 814 4252; x_wconf 83' lang='lat' dir='ltr'><strong>p.</strong></span> <span class='ocrx_word' id='word_1_332' title='bbox 832 4180 894 4237; x_wconf 87' lang='lat'><strong>10⁰.</strong></span> 
     </span>
    </p>
   </div>
   <div class='ocr_carea' id='block_1_12' title="bbox 0 0 1329 4800">
    <p class='ocr_par' dir='ltr' id='par_1_15' title="bbox 0 0 1329 4800">
     <span class='ocr_line' id='line_1_40' title="bbox 0 0 1329 4800; baseline 0 0"><span class='ocrx_word' id='word_1_333' title='bbox 0 0 1329 4800; x_wconf 95' lang='lat' dir='ltr'><strong> </strong></span> 
     </span>
    </p>
   </div>
  </div>
 </body>
</html>
