2632 4800
25 318 32 337 ,
111 279 176 347 ιιι
435 276 523 389 ..σι
543 274 827 388 οιιινιοσσιι

194 470 230 514 v.
244 447 277 515 9.
299 444 438 530 ἧστᾶσις
452 443 527 530 ὅρος
538 449 664 524 διπλοῦς
674 445 754 512 κατὰ
764 444 1010 534 ἀμφισβήτησιν.
1052 443 1188 516 Statum

111 571 229 617 csusee
250 548 288 613 in
300 549 426 639 duplici
446 549 597 616 finitione
610 549 754 638 positum
769 549 849 615 dicit
869 564 1061 639 propterea,
1083 550 1188 637 quod,

111 674 213 738 quum
243 652 372 717 tabulas
404 675 424 718 e
455 649 641 742 Cleonymo
674 652 806 718 relictus
842 675 913 718 esse
941 665 1084 736 constet,
1114 652 1188 741 ,has

111 750 297 818 adversarii
323 776 384 840 pro
412 752 499 844 justo
521 778 559 818 ec
580 776 662 820 vero
683 767 877 819 testamento
898 752 1066 818 habendes
1088 767 1189 840 etque

110 853 335 919 observandas
362 854 584 938 contendunt,
618 852 777 942 petitores
804 868 914 920 eutem
945 876 1064 921 verum
1086 868 1190 922 teste-

110 969 262 1021 mentum
282 978 352 1022 esse
373 971 514 1044 negent,
544 955 630 1042 quod
652 954 723 1045 ipse
744 968 902 1040 testator,
932 971 1091 1042 quantum
1112 955 1190 1043 qui-

110 1055 188 1121 dem
212 1054 250 1122 in
280 1078 319 1122 eo
347 1074 450 1142 esset,
483 1056 656 1125 resciderit
663 1081 674 1139 ;
711 1056 792 1121 κατὰ
821 1054 1054 1143 ἀμφισβήτησιν
1075 1071 1188 1124 eutem

110 1156 222 1242 addit,
249 1158 407 1244 quonium
419 1159 484 1224 hoc
504 1159 616 1248 ipsum
635 1158 834 1245 ambigitur,
863 1172 975 1224 utrum
996 1156 1188 1225 rescindere

109 1272 360 1344 testamentum,
382 1284 425 1327 en
437 1260 605 1348 corrigere
621 1274 653 1326 et
667 1263 864 1327 confirmare
875 1258 1034 1327 voluerit.
1079 1258 1187 1326 Plura
1200 1329 1201 1333 ,

109 1360 151 1455 de
172 1362 237 1427 hoc
258 1375 362 1429 statue
383 1386 504 1451 genere
525 1362 595 1432 vid.
617 1385 671 1454 ep.
690 1359 873 1453 Sopatrum
893 1361 1023 1449 ιλιαιρέσ.
1046 1358 1188 1446 ζητημά-

109 1484 174 1529 σοιν
193 1486 228 1553 p.
251 1465 327 1531 328.

117 1592 122 1601 ·
195 1588 230 1631 v.
244 1564 298 1632 10.
320 1563 352 1631 ci
370 1564 499 1653 μὲνγὰρ
520 1565 609 1632 ἄλλοι
625 1567 661 1634 h.
675 1587 706 1632 c.
719 1565 750 1632 οἱ
760 1563 924 1647 ἀντίδικοι,
945 1564 1032 1653 quod
1045 1563 1117 1653 quis
1132 1588 1187 1632 re·

109 1664 258 1755 positum
278 1667 392 1753 malit,v
422 1669 480 1735 sed
502 1669 541 1734 in
562 1670 626 1734 hoc
647 1667 780 1754 quidem
801 1666 961 1757 scriptore
980 1668 1066 1734 illud
1086 1666 1188 1733 facile

109 1767 337 1836 tolerabimus.
383 1768 425 1835 Oi
444 1769 719 1854 tiyovsec'sutem
745 1784 839 1854 sunt,
869 1770 924 1855 poi
951 1771 1035 1835 Ῑιοιιο
1065 1769 1188 1836 oratio·

110 1893 181 1942 ιιοιιι
201 1869 336 1950 habeut,
358 1893 441 1957 quse
461 1870 541 1936 licet
560 1894 690 1939 revere
710 1872 752 1937 eb
774 1895 842 1937 uno
863 1885 992 1937 tantum
1011 1871 1188 1955 habentur,

111 1985 223 2037 temen
244 1971 301 2036 hic
329 1997 398 2038 non
419 1974 529 2038 solum
550 1995 610 2038 suo
632 1972 689 2039 sed
709 1972 810 2039 etiam
830 1973 944 2039 fratris
965 1973 1022 2040 vel
1041 1974 1190 2038 fratrum

110 2073 249 2140 nomine
275 2073 434 2161 loquitur.
477 2074 575 2140 Alias
596 2074 633 2139 in
654 2073 708 2141 his
729 2097 897 2160 ergumm.
918 2073 1189 2160 frequentissime

110 2173 275 2263 legimus:
304 2172 321 2240 ὅ
345 2175 438 2260 λέγων
459 2173 515 2240 τὸν
536 2171 626 2260 λόγον
631 2221 645 2256 ,
670 2190 708 2242 ut
721 2176 762 2241 ed
780 2190 877 2243 oratt.
899 2174 981 2243 VII.
998 2174 1097 2244 vm.
1118 2174 1189 2245 lx.

89 2320 92 2327 -
111 2274 161 2344 X·-
176 2272 202 2343 ’ὃ
216 2281 272 2342 νῦν
292 2274 451 2360 τὸνλόγον
472 2277 581 2362 λέγων,
603 2302 732 2364 orgum.
749 2276 926 2345 Demosth.
947 2301 997 2345 or.
1008 2277 1046 2343 in
1057 2276 1212 2363 Euergi‘

110 2402 146 2468 p.
160 2378 256 2445 1138.
278 2375 296 2444 ὃ
316 2377 393 2463 ὑπὲρ
410 2375 635 2465 Ἀριστοδήμου
655 2380 768 2464 λέγων,
798 2402 871 2466 urg.
895 2403 945 2446 or.
966 2378 1043 2447 eds.
1056 2378 1188 2447 Loocls·

111 2504 146 2569 p·
176 2481 279 2566 1⁰8⁰,
321 2495 354 2547 et
386 2481 512 2548 similia
546 2480 684 2570 passim.
748 2479 825 2548 Non
856 2495 927 2547 eret
960 2480 1082 2566 igitur,
1128 2502 1194 2546 cur

112 2579 277 2671 Stephani
306 2583 495 2673 conjectura
524 2582 558 2655 ot
585 2582 621 2647 δ’
651 2581 855 2667 ἀντιλέγοντες
890 2597 1006 2649 contra
1035 2580 1191 2649 omnium

2 2748 5 2763 ,
113 2683 210 2752 codd.
244 2685 474 2751 auctoritatem
501 2686 543 2751 eb
570 2684 726 2751 omuibus
746 2699 878 2774 praeter
898 2683 1027 2751 Maium
1047 2681 1192 2751 editori·

111 2785 174 2853 bus
196 2785 409 2875 reciperetur.

196 2887 371 2955 Postrema
408 2889 534 2957 verbe:
571 2888 625 2953 κοιλ
658 2891 833 2954 τελεοταΐον
858 2934 901 2948 -
932 2925 978 2940 -
1014 2886 1193 2972 γενομένοις

111 2988 229 3056 mutila
251 3014 320 3057 esse
342 3005 494 3079 apparet,
515 3013 622 3077 neque
645 2988 805 3058 satisfacit
825 2999 890 3067 τοϊς
910 3015 930 3058 e
950 2989 1091 3058 Reiskio
1113 3003 1193 3078 post

112 3095 288 3159 τελευταῖον
321 3092 504 3177 insertum,
539 3116 641 3179 quum
670 3115 777 3179 neque
808 3117 828 3160 a
863 3092 1100 3186 διισχυρίζοντοιι
1129 3090 1191 3157 hic

112 3193 243 3262 dativus
273 3195 416 3283 pendere
445 3195 569 3283 possit,
591 3219 732 3282 -neque,
765 3193 795 3261 si
821 3209 949 3284 posset,
982 3216 1101 3260 verum
1131 3191 1191 3278 sit,

110 3296 267 3388 petitores
294 3297 377 3362 haec
402 3310 571 3387 postremo
594 3298 668 3363 loco
699 3296 860 3365 attulisse.
903 3295 1026 3363 Melius
1053 3291 1191 3361 satisfe-

111 3413 218 3466 cerett
246 3398 299 3462 καὶ
318 3406 385 3473 τοῖς
412 3402 588 3475 ,τελευταῖον
608 3397 695 3486 παρὰ
715 3403 773 3465 τοῦ
793 3402 856 3466 Κλ.
876 3396 1049 3486 γινομένοις
1067 3394 1190 3485 (χρῶν-

109 3522 166 3566 ται
184 3499 385 3588 τεκμηρίοις).
1135 3516 1140 3525 ·
1173 3524 1180 3543 ¹

399 3650 450 3721 In
481 3652 719 3739 orationem
745 3653 888 3744 ipsam.

195 3788 234 3875 ὁ.
257 3791 289 3856 1.
332 3788 443 3874 Πολλὴ
463 3789 520 3873 μὲν
541 3786 561 3874 ἦ
582 3773 757 3873 μεταβολή,
783 3812 902 3874 mmo
921 3812 1017 3855 sorte
1035 3788 1187 3857 metatio·

108 3887 223 3976 Neque
254 3890 360 3979 igitur
394 3891 560 3959 redundet
590 3891 648 3973 μὲν
681 3915 751 3958 nou
780 3891 971 3979 insequente
1008 3888 1057 3970 δέ,
1097 3886 1189 3979 quod

108 3988 249 4058 Reiskio
271 3992 313 4058 ed
334 3993 371 4058 h.
394 3994 419 4059 l.
442 3992 554 4061 visum
575 4008 644 4079 est,
678 4017 784 4080 neque
804 4018 886 4062 vero
907 3993 1029 4079 ubique
1050 4004 1109 4058 eut
1128 3991 1190 4059 iu·

1 4150 3 4155 .
107 4092 218 4179 telligi
238 4107 344 4182 potest
372 4093 426 4176 δέ,
461 4109 518 4161 eut
538 4095 661 4162 omissa
681 4110 732 4163 est
751 4095 812 4162 illa
832 4118 909 4185 pers
931 4093 1116 4177 orationis,
1148 4092 1191 4160 in

109 4216 173 4280 que
202 4192 297 4283 sequi
325 4194 464 4263 debebat
494 4194 545 4277 δέ,
583 4219 666 4285 quae
702 4209 752 4265 est
777 4194 966 4265 Hermsnni
992 4195 1037 4263 ed
1064 4193 1189 4285 Viger.
