2632 4800
199 324 264 395 oa
284 322 672 398 Panoomnoms
692 327 1014 402 Haosmmra.
1076 314 1142 401 aaa

45 492 179 585 utique
198 493 426 584 recipiendum
445 495 511 562 snit
523 521 585 586 pro
607 483 825 579 ἁανεδῑξαντο,
853 500 941 587 'quod
955 492 1051 568 'haud
1072 500 1140 569 scio

50 617 102 661 an
136 598 235 688 plane
263 597 460 664 inusitatum
487 597 551 681 sit3
589 588 783 682 εἰσδέχεσθαι
810 615 921 667 autem
949 603 1013 670 hac
1031 602 1075 668 'de
1103 626 1157 691 ra

52 696 165 787 etiam
193 698 281 766 ah‘bi.
303 698 429 787 legitur
454 723 489 766 v.
512 722 542 766 c.
565 723 617 789 ap.
641 699 771 768 Andoc.
794 701 835 768 de
858 702 996 794 Myster.
1028 731 1061 794 p.
1084 687 1139 788 lid,

54 804 227 890 nusquam
248 800 474 882 ἀναδέχεσθαι,
507 800 592 888 quod
614 799 774 869 Reiskins
794 804 831 870 h.
854 803 880 871 l.
912 807 1140 894 reponendum

56 900 179 970 'suasitt
200 940 244 955 --
265 901 423 991 Denique
444 899 480 968 τὸ
503 899 628 989 κούριον
649 903 727 991 quid
750 904 794 970 sit
815 929 884 972 non
907 929 988 995 opus
1010 922 1140 975 estex-

57 1020 198 1087 ponera
247 1003 328 1070 Vid.
350 1003 498 1096 Etymol.
527 1003 575 1073 Μ.
602 1029 635 1093 p.
658 1006 739 1107 5δ3,
769 1007 823 1073 35.
846 1005 961 1074 Vales.
986 1009 1026 1074 ad
1049 1006 1138 1076 llar-

13 1182 16 1199 .
58 1110 188 1187 pocrat.
217 1129 253 1174 v.
274 1114 371 1189 μεῖον.
421 1106 593 1173 Debeham
623 1112 734 1197 autam
755 1108 894 1201 sortasse
926 1105 1139 1193 rodpsroa're·

59 1209 228 1291 scribere3
268 1208 354 1275 hanc
376 1207 466 1273 enim
487 1207 630 1298 formam
659 1208 765 1273 solam
786 1209 997 1295 grammatici
1018 1204 1138 1291 diserta

60 1322 265 1393 agnoscunt,
300 1324 336 1375 ut
356 1308 504 1400 Etymol.
535 1309 560 1373 Ι.
591 1308 616 1372 l.
639 1305 724 1375 Lex.
749 1304 905 1403 Seg'uar.¹
922 1336 956 1400 p.
980 1305 1056 1397 273,
1078 1302 1138 1379 ubi

59 1408 171 1479 tamen
182 1411 480 1498 πραπερισπωμδνως
494 1407 670 1501 scribitur,
694 1431 831 1496 eamque
848 1401 1023 1479 confirmat
1035 1398 1136 1480 etiam

57 1496 240 1605 Sophoclis
260 1537 378 1582 versus
399 1536 444 1578 ex
463 1508 680 1577 Andromeda
703 1506 884 1579 citatus'ab
906 1512 1078 1606 Hesychio
1100 1512 1137 1582 ll

53 1623 92 1688 P·
119 1616 196 1684 333:
229 1613 303 1700 ήμῒν
333 1609 373 1678 σύ
400 1634 448 1678 τοι
474 1608 612 1696 κοδρειον
640 1599 760 1709 ᾗρὲδηξ
773 1609 879 1693 μόλεν,
912 1615 1137 1684 ecertisalma
1264 1705 1268 1711 Ι

51 1696 226 1806 scaligeri
247 1714 487 1782 emendatione.
531 1711 633 1780 Nolui
646 1718 758 1778 tamen
777 1713 813 1780 in
835 1739 873 1783 ra
888 1739 957 1783 non
972 1718 1052 1785 satis
1073 1742 1153 1785 ex·-

46 1806 187 1905 Plorata
208 1818 360 1887 codicum
383 1813 611 1883 auctoritatem
633 1814 794 1882 deserere.

49 1974 61 2007 ·.
144 1922 180 2009 ᾗ.
203 1923 259 1990 23.
285 1918 402 2006 χωρίον
428 1916 463 1982 (ἓν
485 1912 591 1981 δόντα.
635 1913 791 1983 Veterem
817 1915 996 1987 lectionem
1017 1942 1134 1989 corru-

42 2023 149 2091 atam
169 2046 239 2091 esse
263 2023 365 2087 etiam
380 2016 625 2086 Valckenarius
646 2018 815 2113 perspexit
836 2022 923 2110 apud
944 2020 1069 2090 Luzae.
1092 2023 1135 2090 da

42 2094 216 2213 ¹)igamiu
233 2120 328 2192 Socr.
350 2148 384 2213 p.
403 2122 446 2189 58
466 2134 536 2186 not.
561 2121 614 2204 17,
636 2143 705 2187 non
727 2123 837 2187 solum
856 2122 992 2190 insolita
1014 2125 1135 2212 loquu·
1187 2162 1192 2176 ·
1215 2120 1217 2125 ’

45 2210 145 2293 llune
159 2227 304 2292 offensus
321 2225 439 2310 χωρίον
460 2222 618 2302 ἐνδοῦναι,
648 2221 706 2288 sed
728 2223 830 2289 etiam
846 2224 1037 2292 accusativo·
1055 2249 1135 2294 casu

49 2304 200 2428 {oddara
233 2349 295 2416 pro
323 2349 387 2413 quo
415 2306 522 2399 ἔνδοής
551 2322 766 2417 scribendum
794 2324 897 2393 fuisse
927 2344 1054 2413 censet,
1095 2343 1134 2395 ut

52 2433 250 2517 iungeretur
276 2452 353 2493 cum
383 2423 437 2512 ἔφ’
467 2420 514 2500 οἷς
544 2421 639 2509 ἐζήτει
668 2420 684 2488 ὅ
712 2422 898 2508 Εὐκτήμων.
948 2421 1134 2518 Rescripsit
1158 2450 1162 2467 ’-

56 2516 159 2621 igitur
178 2525 303 2614 κούριον
313 2526 450 2604 ἐνδόντα,
464 2526 563 2613 idque
580 2525 740 2612 conjungi
752 2527 860 2593 voluit
872 2552 952 2603 [cum
969 2528 1133 2597 τδνΦιλο-

32 2656 35 2661 ·
59 2622 207 2716 δτήμσνα,
229 2632 293 2697 hoo
308 2654 423 2696 sensus
440 2618 903 2694 Persuasmnwhooctemont
913 2643 1132 2716 utpumcm—
1178 2668 1181 2676 ·

26 2774 29 2779 ·
57 2732 193 2799 adscribi
211 2734 346 2816 αἀσνεί,
374 2730 531 2795 victimam
551 2728 671 2792 adduci
691 2730 886 2814 permittam.
930 2730 1029 2798 Hanc
1050 2757 1132 2800 con.

53 2831 233 2929 jacturam,
260 2833 397 2921 etiamsi
411 2854 528 2898 veram
548 2830 726 2895 lectionem
747 2854 766 2896 e
787 2830 961 2898 codicibus
977 2857 1046 2899 non
1068 2833 1131 2902 ha·
1227 2860 1230 2871 ’

52 2936 226 3021 heremus,
259 2924 371 3001 tamen
386 2932 617 3022 spernendam
643 2931 746 2998 finisse
773 2956 841 2998 non
869 2947 918 2998 est
950 2935 1037 3022 quod
1072 2936 1131 3003 de-

50 3022 253 3124 monstrem,
285 3036 364 3102 licet
385 3032 591 3101 Schneidero
622 3057 751 3120 quoque
785 3033 948 3123 placuisse
975 3036 1130 3106 videatur

46 3139 86 3209 in
107 3129 195 3206 'Lem
219 3165 246 3206 s.
269 3163 306 3206 v.
328 3133 478 3222 scriptove
508 3136 727 3203 Accusativus
745 3152 855 3202 autem
870 3128 967 3202 δόντα
983 3136 1129 3229 pertinet

46 3238 131 3310 saue
154 3240 194 3305 ad
216 3238 469 3323 Euctemonem,
499 3260 567 3304 non
589 3236 630 3301 ad
652 3236 956 3308 Philoctemonem:
979 3255 1019 3307 et
1040 3240 1128 3309 recte

46 3328 275 3411 accusativum
291 3357 403 3408 orator
414 3338 542 3429 posuit,
569 3361 638 3404 uon
657 3339 921 3433 nominativum,
950 3341 1028 3408 licet
1048 3338 1128 3432 pro·¹

45 3444 143 3512 xime
164 3444 336 3532 praecedat
358 3441 414 3529 ἐφ’
437 3435 485 3515 οἷς
511 3435 605 3524 ἐζήτει
626 3436 641 3505 ὅ
665 3438 847 3526 Εὐκτήμων.
891 3439 1028 3511 Scilicet
1048 3468 1127 3533 par·

44 3543 201 3634 ticipium
226 3544 311 3611 illud
333 3554 499 3635 nontcum
520 3542 585 3607 hoc
612 3537 706 3626 ἐζήτει
713 3590 727 3623 ,
762 3542 818 3610 aed
841 3558 924 3609 cum¹
936 3543 1050 3634 priore
1071 3545 1125 3613 in·

44 3644 181 3713 finitivo
203 3647 373 3731 eloayoycir
394 3642 552 3734 conjungi
574 3644 724 3711 debebat.
1138 3720 1140 3725 Α

135 3746 172 3833 ᾧ.
195 3746 249 3814 24.
282 3743 395 3831 ἐγάμει.
438 3743 485 3812 Η.
509 3771 538 3813 e.
567 3755 676 3829 γαμεῖν
703 3741 863 3829 ήβσήλετσ.
902 3743 1026 3815 Paullo
1048 3762 1124 3827 aula

44 3870 132 3937 quaa
154 3848 346 3935 designatur
366 3847 505 3932 mulier,
534 3847 630 3914 illam
650 3845 860 3913 Democratis
881 3868 1031 3916 sororem
1052 3872 1123 3921 eata

43 3965 205 4041 apparet,
233 3950 274 4014 de
295 3972 359 4036 qua
380 3949 505 4015 dictum
526 3963 574 4015 est
596 3947 633 4034 ᾧ.
656 3949 711 4013 22.
841 3981 844 3988 ·

132 4050 170 4138 ἦ.
193 4051 248 4118 25.
271 4049 304 4126 ἐξ
333 4048 441 4116 ἀστοῦ.
482 4047 559 4116 Non
581 4048 695 4115 dubito
716 4047 798 4134 quin
824 4047 1001 4136 legendum
1017 4049 1068 4117 'sit
1087 4050 1122 4132 ἔξ

43 4149 161 4234 αὗτοῦ,
195 4151 282 4239 quod
303 4149 482 4219 Bek'lrerus
508 4173 637 4239 quoque
666 4148 807 4242 conjecit
831 4164 917 4219 tom.
938 4150 961 4218 5
985 4174 1019 4244 p.
1040 4153 1116 4223 697.
