2632 4800
198 261 265 332 ιιι
547 262 616 334 us
635 262 918 334 ommonem

166 518 169 535 Ι
201 446 398 501 testamento
420 432 613 523 adoptetur,
643 432 676 500 ei
696 432 790 500 nulle
803 447 879 500 oute
892 433 998 524 petris
1018 434 1168 524 adoptivi
1187 459 1261 505 mor·

200 551 268 602 tem
290 558 367 600 cum
388 534 453 600 boc
468 550 518 601 est
539 556 710 601 sacrorum
730 534 923 602 commuuio
944 534 1128 625 ejusmodi,
1156 536 1193 604 in
1211 560 1260 627 qus

200 652 314 727 postes
341 634 515 725 phrstores
544 650 577 702 et
597 635 739 722 gentiles
767 635 925 725 inhujus
951 637 1064 703 locum
1085 640 1259 722 succedent3

201 738 258 807 sed
280 737 370 826 ipse,
406 737 463 823 qui
485 737 657 827 adoptatus
678 750 749 821 est,
783 736 925 803 simulac
945 737 1164 806 hereditatem
1185 765 1259 808 sose·

77 891 81 899 .
198 840 268 930 pit,
295 839 332 904 in
353 860 448 904 sucre
468 838 573 928 petris
594 837 744 926 adoptivi
770 837 909 922 transit,
936 836 1078 926 ideoque
1099 838 1260 909 initorum

201 937 435 1009 communione
462 962 538 1005 cum
558 939 771 1028 pbrstoribus
792 936 831 1006 ec
852 938 1035 1027 gentilibus
1053 940 1148 1008 illius
1167 945 1260 1008 locun

138 1072 142 1083 ¹
200 1042 340 1111 obtinet.
385 1036 472 1126 Ἱερὰ
499 1056 609 1107 autem
639 1053 673 1106 et
704 1037 777 1106 ὅσια
803 1039 994 1125 significant
1020 1042 1136 1109 omnis
1163 1042 1261 1112 dirius

201 1143 431 1229 humanoque,
468 1141 506 1208 in
533 1164 616 1230 ques
644 1139 800 1229 testatori
826 1142 924 1208 heres
950 1132 1098 1209 succedit
1105 1186 1118 1228 ,
1150 1156 1183 1210 et
1210 1145 1261 1211 boo

200 1244 335 1334 quidem
355 1244 431 1309 loco
452 1264 512 1327 es,
548 1266 632 1331 quae
658 1266 735 1309 cum
756 1241 982 1332 phratrisrum
1003 1244 1214 1332 gentiumque
1231 1266 1262 1311 so

157 1400 160 1407 .
199 1345 436 1431 cognationum
457 1344 531 1429 ium
551 1343 727 1435 conjuncte
748 1358 836 1411 sunt.
880 1341 978 1411 Geni.
999 1344 1151 1415 Pletner.
1173 1344 1263 1440 Syn·

199 1449 269 1515 bol.
291 1469 325 1534 p.
349 1446 423 1513 115.
446 1444 684 1512 Wschsmuth.
705 1444 844 1533 Antiqu.
867 1444 1185 1537 Heu.11,1·p.3.

285 1544 384 1630 νόμον
412 1571 446 1632 γε
467 1545 559 1623 ὄντος
578 1547 687 1624 ἐξεῖναι
708 1545 773 1635 ὅτῳ
792 1543 937 1630 βούλοιτο
960 1548 1071 1614 deivos
1090 1546 1133 1613 τοὶ
1154 1551 1264 1616 ἑαυτοῦ.
1304 1546 1308 1631 1

200 1648 337 1719 Poterat
365 1648 467 1717 etism
488 1663 546 1715 eut
572 1647 636 1736 ὅτῳ
655 1645 801 1728 βούλεται
821 1662 879 1715 sut
899 1646 963 1738 ὅτῳ
984 1647 1025 1714 ἂν
1042 1645 1212 1735 βούληται,
1234 1664 1265 1717 ot
1294 1644 1308 1771 1

201 1776 252 1819 or.
283 1753 325 1817 de
345 1750 534 1819 Aristoteli.
566 1751 639 1817 ber.
662 1749 700 1838 ᾖ.
723 1753 763 1817 2:
802 1745 820 1815 ὅ
842 1745 940 1833 νόμος
964 1748 1075 1817 κελεύει
1101 1751 1144 1816 τὰ
1164 1749 1266 1819 ἑαυτοῦ

201 1853 376 1918 διαθέσθαι
396 1850 460 1940 ὅτῳ
481 1850 521 1916 ἂν
542 1851 648 1938 ἐθέλῃ.
689 1864 724 1918 et
743 1849 827 1918 alies
848 1850 1059 1940 saepissime,
1089 1874 1199 1942 neque
1217 1853 1276 1945 tls-¹
1306 1868 1308 1873 '

201 1969 298 2022 erunt
317 1955 457 2020 fortasse
471 1951 529 2039 qui
548 1950 596 2018 its
618 1951 771 2019 debuisse
790 1951 894 2020 scribi
915 1967 1082 2022 censeant.
1125 1955 1175 2038 At
1193 1978 1266 2023 roro

201 2053 341 2146 optativi
361 2039 425 2121 lioo
450 2055 525 2120 ioco
552 2076 623 2120 non
643 2052 775 2122 diverse
800 2066 854 2120 est
872 2052 960 2120 ratio
980 2056 1022 2120 sb
1043 2077 1083 2122 es
1105 2079 1206 2145 quom
1224 2070 1267 2125 et·
1304 2072 1308 2079 '

134 2192 139 2215 ·
200 2157 265 2245 tigi
285 2156 327 2223 sd
355 2178 406 2223 or.
429 2154 470 2221 do
490 2153 619 2246 Pyrrhi
647 2155 720 2223 her.
753 2154 791 2243 ς.
812 2155 869 2239 21,
895 2169 934 2221 nt
958 2154 1127 2249 significet
1146 2180 1267 2244 eorum,
1306 2160 1308 2171 '

201 2258 258 2347 qui
278 2257 363 2326 olim
389 2257 450 2323 hes
476 2256 568 2340 leges
595 2271 797 2342 ssnxorunt,
832 2254 1086 2344 cogitationem,
1117 2260 1268 2348 quomo-

199 2360 336 2427 modum
358 2373 392 2427 et
408 2359 464 2423 ‘lvo
484 2373 558 2449 post
571 2357 916 2448 tomporspreeseutis
929 2382 1006 2428 cnm
1027 2359 1177 2452 optativo
1198 2384 1267 2429 con·

190 2460 284 2528 'strui
311 2460 476 2545 vidimus,
504 2474 537 2525 et
562 2457 618 2524 ἐὰν
645 2459 847 2527 construitur
876 2459 914 2526 in
942 2482 993 2531 ott
1024 2461 1064 2528 ds
1084 2461 1266 2531 Aristsrcb·

199 2562 419 2651 ber.§.13s
455 2555 567 2626 κελεύει
596 2558 657 2646 γὰρ
688 2556 824 2644 istiusce
843 2559 902 2626 oris
920 2556 1050 2639 ταύταις
1069 2558 1180 2651 κύριον
1195 2561 1268 2633 etro

98 2744 102 2749 ,
199 2667 332 2748 δοῦναι,
360 2659 417 2728 tois
444 2686 492 2752 τῳ
517 2658 679 2743 βούλοιτο,
717 2660 759 2727 τὰ
786 2659 910 2731 ἑαυτοῦ.
959 2660 1026 2732 Sed
1054 2654 1208 2735 diversus
1226 2678 1269 2734 eet

198 2768 292 2833 locus
319 2764 556 2854 Xenophontis
585 2766 626 2832 de
655 2764 800 2852 vectigg.
832 2765 865 2850 ⁵,
895 2766 954 2834 12:
994 2760 1148 2853 γνώσεται
1180 2767 1216 2834 δὲ
1231 2804 1269 2820 -

199 2868 262 2931 ἐπεὶ
284 2902 328 2918 —-
349 2863 452 2951 εἰρήνη
473 2863 555 2930 κατὰ
577 2863 743 2931 θάλατταν
763 2865 938 2951 γεγένηται,
967 2864 1145 2951 ηὐξημένος
1165 2891 1199 2936 τε
1217 2865 1268 2944 uit

199 2965 382 3055 προσόδους·
396 2969 449 3032 καὶ
469 2963 599 3044 τούτοις
619 2966 765 3044 ἔξόντοῒς
785 2969 926 3043 πολίταις
942 2973 1087 3056 χρῆσθαι
1108 2968 1127 3036 ὅ
1148 2996 1181 3037 τι
1198 2966 1268 3054 βοῦ·

198 3076 317 3150 boroso,
347 3069 407 3135 ubi
428 3083 516 3136 recto
536 3069 577 3135 L.
600 3068 794 3137 Dindorfius
821 3066 990 3150 βούλονται
1009 3071 1153 3139 rescribi
1173 3075 1266 3165 jubet.

284 3171 321 3260 ᾗ.
345 3170 399 3238 14.
421 3170 476 3237 Dc
496 3171 780 3257 expeditionibus,
808 3193 948 3259 quarum
970 3171 1006 3239 h.
1027 3171 1054 3240 l.
1077 3174 1205 3243 mentio
1222 3176 1265 3258 fle,

198 3273 387 3340 dictumest
402 3274 440 3338 in
452 3271 635 3362 prooemio.
645 3308 688 3324 -
704 3271 745 3338 ln
758 3272 984 3340 constituendo
1002 3286 1115 3341 eutem
1129 3275 1265 3343 lectione

197 3389 332 3442 eotenus
359 3388 447 3440 certe
466 3372 582 3463 putavi
599 3374 775 3459 ,librorum
800 3374 1029 3441 auctoritatem
1055 3375 1263 3444 deserendam

127 3510 130 3514 “
198 3501 280 3559 esse,
313 3490 350 3542 ut
370 3473 442 3541 ὅποι
456 3474 637 3541 scriberem
651 3499 712 3564 pro
727 3469 822 3556 ineu,
849 3475 931 3547 licet
947 3477 1263 3564 hocquoqueBsrn·

197 3577 488 3664 herdiustueotur
509 3573 653 3666 Syntax.
675 3601 710 3668 p.
731 3578 807 3644 ³5⁰.
828 3576 886 3643 sed
907 3578 1070 3668 exemplis
1091 3603 1173 3648 usus
1191 3578 1261 3648 buit

197 3694 314 3745 nostro
333 3679 407 3744 loco
428 3701 497 3744 non
517 3678 616 3768 pleno
637 3677 815 3748 similibus.
863 3677 951 3744 Mihi
971 3679 1105 3766 quidem
1127 3674 1261 3767 οολλεγὸ·

195 3805 291 3863 μενον
308 3779 432 3866 -utique
452 3803 529 3845 cum
558 3777 629 3845 ὅποι
650 3777 920 3871 conjungendum
939 3778 1091 3869 vitietur,
1122 3784 1260 3872 quende-

197 3881 331 3969 quidem
343 3881 383 3946 de
396 3880 598 3946 exercitibus
612 3896 777 3948 oratorem
792 3880 885 3969 loqui
906 3882 1069 3970 arbitror,
1090 3888 1151 3972 qui
1162 3885 1260 3954 Atho·

196 3982 249 4048 nis
270 3981 559 4049 conscriberentur
574 3982 612 4047 in
633 3982 716 4049 alias
730 3997 835 4050 terres
856 3984 1049 4074 protectori.
1089 3982 1258 4070 Ἀπαιιαχῇ

197 4097 306 4149 eutem
342 4105 404 4172 pro
446 4079 628 4166 ἆααιταχοῖ
659 4083 846 4170 neminem,
881 4099 980 4172 poto,
1018 4088 1164 4156 offendet
1192 4108 1258 4155 cum

196 4180 344 4270 ἀπεδήμει
364 4183 595 4275 conjunctum,
622 4184 702 4253 licet
722 4183 836 4253 ἄλλοσε
854 4188 1040 4277 praecedat.
1083 4189 1161 4261 Ηοα
1178 4188 1257 4258 suin
