2632 4800
252 345 260 356 ,
298 279 362 349 DE
383 279 561 351 rmum
579 281 899 356 HEREDITATE.
1066 288 1132 361 est

56 449 99 517 de
119 471 161 518 eo
182 447 270 536 quod
290 449 363 518 filio
381 451 538 542 adoptivo
552 452 790 535 relictumest,
819 471 856 523 ut
876 455 912 525 in
934 457 998 529 hac
1018 475 1132 527 nostre

56 547 209 618 oratioue
239 551 357 638 5602
395 550 435 618 τδι
463 554 611 620 δοθέντα.
671 551 738 623 Sed
768 556 869 624 etiem
897 559 1072 625 διαθέσθαι
1099 575 1133 626 et

54 652 304 721 substantivum
330 651 469 739 διαθήκη
500 655 589 723 haud
621 680 698 724 raro
734 656 915 746 improprie
941 659 1064 728 dicitur
1090 663 1133 728 de

57 753 152 821 omni
174 769 398 843 testamento,
437 756 568 823 etiamsi
597 781 666 824 nou
692 757 781 825 lilius
808 758 930 846 aliquis
950 759 1132 846 institutus,

56 855 115 923 sed
147 856 257 944 legata
288 871 417 925 tentum
451 857 591 948 pecnnia
624 875 694 944 est,
735 875 773 926 ut
798 883 853 948 ap.
886 859 1062 929 Demostlr.
1094 862 1133 929 in

57 953 219 1046 Stephon.
250 982 283 1046 p.
308 959 404 1025 1133.
432 960 509 1028 adv.
531 959 668 1050 Aphob.
696 986 730 1050 p.
753 961 828 1029 857.
872 959 995 1028 Nostro
1021 976 1133 1031 eutem

57 1056 132 1125 loco
173 1058 343 1147 propriam
373 1061 552 1127 verborum
584 1062 656 1130 rim
685 1062 881 1147 tenendam,
922 1077 1133 1151 mentemque

58 1159 200 1229 oratoris
214 1184 282 1227 non
300 1160 401 1227 aliem
416 1185 486 1230 esse
502 1179 654 1253 apparet,
684 1187 804 1250 quem:
832 1188 901 1230 non
911 1163 1013 1230 licere
1026 1187 1133 1250 neque

59 1260 165 1329 filium
189 1261 363 1329 instituere
390 1286 497 1350 neque
524 1265 637 1352 legare
663 1264 839 1354 pecuniam
859 1264 927 1331 nisi
948 1288 1025 1331 cum
1044 1263 1134 1331 filia·

59 1361 118 1430 bus
145 1364 183 1429 h.
213 1386 243 1430 c.
272 1364 318 1430 ita
345 1379 383 1431 ut
409 1365 466 1451 qui
496 1364 588 1433 filius
615 1365 807 1433 instituatur
835 1366 954 1453 quique
984 1367 1141 1452 legatum
1260 1456 1262 1460 Ι

62 1464 185 1554 capiat,
212 1464 249 1531 hi
271 1465 371 1533 etiam
391 1466 478 1531 filias
500 1456 647 1547 defuncti
668 1467 705 1532 in
726 1466 977 1537 matrimonium
999 1468 1131 1536 ducant.

60 1563 171 1653 Neque
201 1590 334 1635 causam
361 1566 460 1635 video
487 1591 547 1635 cur
574 1568 640 1637 hoc
665 1583 833 1634 oratorem
860 1568 1040 1636 mentitum
1063 1591 1133 1635 esse

62 1669 243 1737 medentur.
285 1668 373 1735 Nam
393 1668 494 1735 etiam
515 1670 557 1735 ab
578 1693 640 1754 co,
675 1668 732 1755 qui
753 1669 840 1736 filios
860 1671 998 1737 heberet
1019 1668 1133 1756 legiti-

26 1784 29 1795 '
60 1792 150 1854 mos,
177 1769 285 1856 legari
306 1770 381 1839 aliis
402 1771 573 1859 pecuniam
593 1771 765 1860 perleges
786 1770 921 1858 quidem
940 1794 1010 1843 uon
1030 1771 1134 1837 licere

58 1867 302 1941 Demosthenes
322 1873 492 1939 contendit
518 1872 556 1939 in
578 1870 740 1962 Stephon.
763 1897 796 1961 p.
821 1874 918 1951 1133,
943 1895 1046 1959 eoque
1069 1895 1134 1938 no·

54 1973 148 2040 mine
176 1972 330 2040 Potionis
362 1988 591 2040 testamentum
620 1975 661 2039 ab
689 1973 897 2064 Apollodoro
924 1973 995 2039 filio
1023 1973 1134 2064 impu·

56 2091 193 2169 guntur·
238 2074 367 2160 Quodsi
390 2099 453 2162 que
474 2077 658 2141 afferuntur
680 2074 844 2164 ejusmodi
864 2064 1051 2161 legatorum
1074 2099 1134 2140 ex·

54 2178 187 2268 ample,
219 2200 288 2243 uon
314 2200 353 2243 co
376 2177 457 2242 haec
478 2177 591 2244 valere
618 2193 776 2267 possunt,
802 2191 839 2244 ut
859 2178 1028 2266 perleges
1049 2177 1133 2245 haee

53 2281 150 2348 licite
179 2277 283 2345 fnisse
309 2279 554 2361 demonstrent,
590 2279 647 2344 sed
679 2303 719 2344 eo
739 2294 886 2363 tantum,
919 2294 956 2345 ut
975 2302 1134 2345 nonnun-

57 2406 158 2470 quam
170 2380 401 2448 defunctorum
415 2381 639 2463 voluntatem,
661 2380 791 2447 etiamsi
803 2404 871 2447 non
882 2395 1017 2468 propter
1028 2381 1133 2467 leges,
1171 2376 1174 2389 '

59 2499 93 2551 at
118 2498 253 2574 propter
273 2483 430 2573 pietatem
457 2481 617 2549 heredum
615 2528 637 2571 3
672 2498 779 2548 ratem
807 2481 910 2548 fuisse
940 2480 1131 2548 credamus.

60 2583 126 2654 Sed
138 2585 179 2652 de
200 2586 263 2651 lec
285 2583 377 2649 omni
398 2583 589 2669 quaestione
610 2583 803 2651 conferendi
824 2598 901 2649 sunt
920 2582 1068 2650 Buusen.
1092 2580 1135 2649 do

59 2686 124 2779 jur.
157 2687 231 2753 her.
261 2691 293 2767 §.
315 2685 371 2751 59.
422 2684 572 2752 Platner.
603 2686 642 2751 de
672 2684 743 2775 jud.
774 2699 807 2751 et
838 2700 901 2752 act.
929 2681 970 2753 ll
997 2708 1032 2773 p.
1055 2680 1132 2757 324.

63 2787 162 2857 (tans.
186 2788 226 2855 de
247 2787 314 2879 jur.
336 2787 409 2852 her.
433 2787 505 2877 lp.
528 2787 605 2854 389.

145 2890 183 2981 ἦ.
205 2888 260 2957 43.
282 2891 335 2953 καὶ
362 2887 417 2954 οὐκ
438 2887 477 2952 δυ
499 2890 750 2972 διαμαρτυρῆσαι
781 2885 837 2952 cdx
857 2883 994 2962 ἐπίδικον
1013 2922 1058 2939 ·-
1077 2883 1134 2951 τδν

63 2996 174 3079 κλῆρον
199 2988 286 3059 εἶναι.
339 2982 538 3078 corruptam
565 3013 635 3067 esse
666 2989 879 3075 negationem
900 3004 977 3054 autc
999 2987 1134 3053 ἐπίδικον

62 3094 351 3174 manifesttunest3
373 3095 432 3158 lex
441 3092 530 3157 enim
541 3107 571 3156 et
582 3114 660 3159 usus
670 3089 902 3177 loquendi'aut
913 3091 1135 3176 διαμαρτυρεῖν

60 3197 100 3284 μὴ
125 3192 204 3262 εἶναι
225 3195 292 3261 dici
305 3197 460 3284 postulat,
488 3208 545 3260 aut
566 3194 787 3279 διαμαρτυρεῖν
809 3187 851 3268 ὡς
872 3189 928 3258 οὐκ
949 3191 1024 3272 ἔστι,
1046 3190 1133 3278 quod

59 3293 239 3366 discrimen
262 3296 361 3363 etiam
383 3298 424 3361 ab
446 3294 707 3384 Harpocratioue
729 3311 884 3362 servatur
897 3294 938 3361 ,in
960 3294 1135 3375 διαμαρτυ-

53 3396 232 3482 ρίαε’ἔ“ξῆυ
268 3403 311 3486 τῷ
349 3397 529 3485 βουλομένῳ
567 3398 822 3483 διαμαρτυρῆσαι
854 3390 897 3471 ὡς
935 3387 1135 3477 εἰσαγώγιμδς

52 3495 185 3583 locavi]
215 3501 285 3584 δίκη
307 3499 326 3583 ἢ
357 3498 412 3564 οὐκ
433 3495 644 3583 εἰσαγώγιμος.
667 3514 700 3565 et
720 3499 834 3588 paullo
854 3512 944 3588 pest:
973 3517 1135 3577 npuneye-

47 3614 120 3681 perv
149 3626 220 3666 τινα
239 3604 462 3687 μαρτυροῦντα
490 3600 534 3684 μὴ
564 3597 764 3687 εἰσαγώγιμοι
790 3597 867 3666 εἶναι
893 3597 949 3681 τὴν
971 3597 1057 3678 δίκην
1077 3632 1133 3667 κ.

47 3721 167 3792 neque
184 3704 225 3769 ab
240 3703 425 3770 oratoribus
446 3728 592 3790 uuquam
607 3703 800 3790 negligitur.
845 3698 899 3767 cf.
918 3699 957 3764 de
971 3696 1133 3784 Dicaeog.

47 3799 136 3877 lter.
160 3805 198 3894 ᾧ
208 3805 259 3871 16.
284 3803 476 3871 dePhiloct.
494 3806 608 3872 hored.
629 3812 662 3887 ᾗ.
675 3803 708 3872 4.
730 3802 814 3870 ibid.
837 3802 939 3891 §.52
957 3798 1133 3867 Demostlr.

50 3925 122 3977 etr.
151 3906 276 3973 Leoch.
298 3931 332 3996 p.
356 3905 459 3989 1⁰94,
480 3905 514 3972 4.
535 3905 618 3997 Lyc.
641 3908 679 3973 in
700 3905 879 3972 Peucleou.
902 3926 936 3991 p.
959 3900 1055 3983 736„
1078 3922 1135 3967 eo·

53 4010 203 4095 demque
223 4007 322 4075 modo
348 4003 584 4091 προβάλλεσθαι
603 4005 774 4092 μάρτυρας·
788 3999 831 4079 ὥς
852 4001 908 4069 οὐκ
936 3995 1136 4085 εἰσαγώγιμος

56 4103 147 4196 ἦνῆ
179 4110 249 4194 δίκη
277 4133 331 4200 ap.
360 4109 463 4177 leocr.
494 4124 554 4177 etr.
578 4108 712 4175 callim.
743 4129 817 4196 cap.
839 4105 872 4173 5.
894 4103 952 4171 sed
972 4098 1136 4188 μάρτυρας
1214 4115 1220 4126 ·

59 4207 298 4302 προβάλλεσθαι
322 4208 367 4296 μὴ
396 4210 531 4277 ἐπίδικον
552 4205 630 4277 elcut
655 4208 710 4276 τδι
730 4211 843 4292 κλῆρον
864 4220 919 4297 ap.
940 4202 1073 4275 laneum
1093 4203 1135 4271 dr
