2632 4800
149 267 214 333 roe
454 352 457 357 Ι
494 257 563 339 ,ια
585 254 866 327 ontrtonnn
920 244 949 371 Ἰ

152 432 224 498 diet·
247 430 364 497 eodem
383 428 503 513 modo,
534 450 601 513 qno
628 440 732 493 semet
761 424 871 513 ipsum
892 422 1138 512 Theopompus
1166 421 1230 489 ἀνι·

152 538 230 618 pne
259 533 358 595 παῖδα
389 529 475 611 dixit
503 528 540 615 ᾗ.
564 529 617 593 to.
669 531 701 592 Γ
698 523 808 609 ριίψας
838 525 981 616 pertinet
1011 527 1055 592 ed
1078 526 1229 592 libellum

153 632 321 726 petitorio,
357 629 416 714 τὴν
442 625 653 716 ἀντιγραφήν,
683 629 724 695 de
756 650 821 715 qno
841 628 914 696 vid.
937 627 978 693 de
998 627 1073 694 ord.
1103 626 1227 718 jud.p.

153 736 219 803 628
236 759 286 820 eq.
329 732 442 818 Neque
458 730 543 797 iilud
564 753 763 817 quemqnam
780 729 943 808 offendet,
965 728 1052 816 qnod
1067 743 1149 818 post
1168 728 1230 815 sip·
1308 754 1310 759 ·

153 836 306 922 gnierem
320 833 419 897 παῖδα
434 830 574 920 pluralis
591 830 738 918 seqnitur
753 829 913 905 κάκείναςτ
936 829 1135 917 designatur
1147 829 1229 897 enim

58 986 62 1003 .
153 936 352 1004 universnm
372 956 497 1019 genno,
528 933 565 998 h.
593 956 624 999 e.
646 955 760 998 omnee
782 955 857 1016 eae,
893 954 978 1019 qnee
998 945 1079 998 eunt
1101 930 1228 1013 ἀνεψιῶν

61 1043 65 1049 ’
154 1039 280 1116 παῖδες,
307 1035 394 1122 qnod
415 1033 473 1098 ubi
502 1035 555 1117 fit,
586 1034 727 1123 pluralis
749 1056 907 1100 numerus
932 1033 1228 1122 posteingninrem

155 1136 305 1224 legitime
338 1151 370 1200 et
391 1158 436 1200 ex
464 1134 535 1222 ipse
556 1134 607 1199 rei
627 1151 748 1200 natura
775 1135 930 1201 insertur.
973 1133 1065 1201 Plet.
1088 1134 1228 1201 Phaedr.

156 1265 190 1330 p.
213 1239 289 1305 231.
319 1232 372 1302 Ae
400 1234 449 1299 du
471 1232 526 1299 οὐκ
547 1234 682 1320 ἐραστὴς
702 1233 746 1302 ὤν
767 1260 825 1301 σου
851 1233 1007 1319 τυγχάνω·
1046 1231 1094 1311 ὥς
1114 1236 1230 1319 ίκείνμς

155 1339 212 1422 μὲν
229 1339 281 1422 (h.
297 1361 329 1402 e.
344 1344 409 1410 τοῖς
426 1336 585 1424 ἐρασταῖς)
600 1340 762 1421 μεταμέλει
776 1343 842 1403 κτλ.
876 1337 997 1427 Lysiae
1012 1336 1051 1403 in
1063 1335 1229 1404 Eretoeth

156 1466 191 1532 p.
213 1438 297 1507 424:
330 1439 439 1519 poderi
468 1443 562 1503 τοῦτο
591 1444 758 1526 παραστῇ,
791 1435 835 1514 ὥς
851 1437 1112 1524 Ἐρατοσθένους
1131 1441 1232 1504 κινδυ-

157 1539 299 1623 νεύοντας
312 1538 517 1623 Θηραμένους
536 1547 718 1626 κατηγορῶ·
740 1537 942 1623 πυνθάνομαι
956 1537 1143 1624 γὰρταῦτα
1159 1538 1232 1606 oino-

158 1640 356 1728 λοηήσαοθαι
372 1638 485 1719 αὐτὸν,
513 1639 561 1706 ὅτι
577 1642 699 1716 ἐκείναις
721 1644 810 1730 φίλος
829 1633 884 1725 ἦν,
915 1666 1012 1729 quem
1028 1643 1147 1710 locum
1159 1666 1239 1731 oon-7

158 1762 215 1810 tra'
239 1743 430 1834 Teylorum
457 1742 579 1817 ἐκείνοις
606 1743 643 1809 in
671 1743 774 1833 ἐκείνην
802 1759 984 1810 mutantem
1015 1763 1108 1810 recte
1130 1759 1232 1811 tuetur

158 1844 335 1929 Bremius,
369 1861 501 1933 praeter
521 1843 770 1912 Theramenem
800 1845 901 1912 etiem
921 1846 1068 1930 ceteros,
1102 1846 1166 1934 qui
1184 1869 1232 1912 ee·

42 1954 46 1963 '
159 1947 299 2014 rundem
331 1960 426 2011 erant
456 1946 620 2034 partium,
653 1945 896 2032 intelligendos·
918 1969 989 2014 esee
1017 1972 1177 2015 monens.
1196 1982 1232 1998 -

160 2046 325 2118 Sobrinee
340 2060 449 2116 autem
467 2045 526 2122 ἔξω
541 2052 596 2130 τῆς
609 2034 781 2132 ἀγχιστείας
794 2049 898 2115 suieoe
914 2049 1073 2114 dicuntur
1087 2064 1232 2140 propter-

161 2174 218 2234 ea,
255 2147 341 2235 qnod
363 2146 430 2214 viri
452 2148 588 2214 ederant
609 2148 756 2240 ejusdem
778 2150 919 2238 gradus,
959 2151 1080 2237 quihus
1104 2150 1230 2235 illasio

129 2298 132 2303 ,
161 2249 331 2338 oepiendis
364 2249 603 2316 hereditatibus
632 2250 748 2318 cedere
775 2253 945 2342 oportebat
966 2276 1011 2319 ex
1040 2253 1121 2342 leg'e
1142 2252 1231 2319 modo

77 2414 79 2419 .
161 2365 364 2434 memorata,
396 2373 480 2436 quae
501 2347 613 2416 κελεύει
633 2363 757 2437 κρατεῖν
776 2352 851 2430 ταδς
872 2351 1014 2439 ἄρρενας.
1035 2391 1082 2405 -
1113 2354 1169 2422 De
1186 2356 1230 2420 lo·

162 2454 318 2543 qnntione
344 2450 403 2534 τὴν
428 2449 538 2537 ψῆφόν
566 2477 625 2519 τινι
647 2455 748 2540 φίρειν
768 2479 803 2522 τ.
833 2453 954 2519 διδόναι
974 2456 1019 2523 σ1“.
1041 2455 1246 2527 Buttmann-2

162 2556 204 2625 ad
226 2553 401 2621 Demosth.
423 2551 508 2618 Mid.
530 2578 564 2643 p.
589 2555 662 2622 189.
686 2557 727 2623 de
749 2557 860 2623 comit.
883 2579 918 2643 p.
941 2558 1017 2625 122.

248 2656 286 2742 §.
305 2657 358 2723 19.
381 2652 574 2737 δντιδικῆσαι
593 2661 639 2745 τῷ
659 2659 747 2722 παιδὶ
768 2664 825 2724 τοῦ
844 2655 1027 2744 ἡμικληρίου
1045 2658 1131 2744 πρὸς
1149 2657 1228 2744 ripis·

161 2757 310 2847 Apparet
331 2759 375 2843 τῷ
404 2757 491 2820 παιδί
514 2757 638 2822 dictum
661 2782 730 2824 esse
751 2785 811 2848 pro
833 2757 910 2845 ὑπὲρ
929 2766 986 2826 τοῦ
1008 2759 1135 2836 παιδός.
1163 2758 1231 2847 αρδς

161 2855 253 2941 ὑμᾶςΙ
271 2872 380 2929 eutem
390 2903 403 2936 ,
435 2859 524 2943 opud
548 2883 601 2924 voe
628 2861 661 2926 ίι.
692 2886 720 2927 e.
742 2863 776 2925 in
792 2863 936 2947 podioio,
967 2863 1055 2949 quod
1080 2863 1230 2930 Reiskin

163 2974 220 3025 ent
239 2958 276 3023 in
297 2957 375 3042 πρὸς
395 2955 481 3055 ἡμᾶς
500 2960 613 3027 autin
634 2962 712 3046 παρ’
735 2959 809 3046 δμῖν
829 2963 1026 3030 mutandum
1045 2966 1232 3056 enepioeha·

163 3075 237 3136 tur,
276 3058 464 3124 defenditur
493 3060 537 3127 iis
564 3086 647 3150 quae
675 3064 762 3130 dicte
792 3079 868 3131 sunt
899 3065 939 3130 ad
971 3089 1022 3132 or.
1046 3067 1092 3132 de
1112 3066 1231 3159 Pyrrh.

163 3161 237 3226 her.
260 3160 296 3246 §.
315 3162 369 3225 25.
413 3160 467 3226 De
486 3163 615 3245 μηδίαω
636 3166 689 3228 καὶ
709 3162 843 3252 τήμερον
859 3169 946 3233 conf.
963 3163 1139 3240 Sohaefer.
1151 3170 1231 3260 App·

36 3331 38 3335 .
164 3257 239 3325 orit.
263 3259 302 3323 nd
327 3260 501 3329 Demosth.
524 3263 587 3331 IV.
609 3291 643 3354 p.
667 3266 741 3334 152.
764 3267 809 3336 V.
830 3291 864 3357 p.
889 3270 963 3337 196.

165 3429 188 3522 E
249 3364 284 3438 §.
300 3363 356 3527 2203.
377 3361 523 3445 οὐδεμίαν
543 3367 655 3449 ζημίαν
675 3364 752 3432 εἶναι
766 3372 908 3452 νομίζων.
952 3368 1005 3438 (if.
1020 3371 1066 3437 de
1081 3369 1228 3464 Apollod.

190 3482 238 3526 er.
289 3508 299 3526 .
358 3508 368 3529 .
400 3482 402 3486 ·
1148 3520 1151 3525 -

251 3461 286 3641 §i
308 3565 363 3630 21.
385 3565 532 3642 καδίσκος
551 3565 612 3653 peip
634 3566 756 3652 ίμελλεν
776 3567 906 3669 ἕκατίρρε
926 3569 1138 3657 τεθήσεσθαι.
1174 3575 1231 3645 Sta

165 3659 296 3774 ptrique
315 3664 424 3730 sitella
443 3671 598 3753 ponende
619 3672 683 3735 fuit
702 3674 888 3761 proptereat,
918 3677 1016 3760 quod
1026 3677 1232 3746 adversariae

167 3774 255 3825 inter
274 3785 309 3826 se
336 3781 429 3830 erent
456 3764 805 3858 hereditatemque'ite
826 3777 999 3864 petebant,
1033 3794 1073 3845 ut
1093 3804 1131 3846 ee
1153 3777 1232 3847 invi·

45 3864 48 3871 “
151 3881 239 3925 xoem
253 3863 481 3949 excluderent3
504 3889 618 3938 eontra
634 3874 852 3964 Theopompo
875 3878 1008 3968 ejusque
1029 3880 1232 3949 fratr-isoa-

67 4042 70 4058 ,
168 3960 247 4023 toeli
266 3986 330 4026 una
353 3967 513 4036 ambobus
525 3973 634 4039 sitella
654 3977 807 4064 ponenda
827 3978 961 4064 fnisset,
990 3981 1153 4066 quoniam
1174 4003 1232 4049 non

168 4057 349 4127 adversarii
376 4084 470 4135 erent
490 4071 578 4139 inter
598 4100 655 4156 ee,
689 4077 746 4143 sed
768 4102 863 4146 suem
883 4094 1022 4169 uterque
1044 4101 1176 4173 partem
1193 4082 1232 4149 io

132 4170 135 4174 '
166 4159 336 4246 petebant,
355 4183 407 4232 'ut
434 4188 550 4240 neuter
580 4178 723 4251 alterum
753 4183 955 4251 excluderet.
1007 4181 1069 4255 cst
1094 4187 1140 4254 de
1169 4183 1229 4254 ord·
