2632 4800
161 266 196 357 ',
240 317 243 321 ’
295 321 360 393 nn
381 320 558 393 eruum
578 321 900 394 nnnnnnanu.
1071 327 1136 415 οιι
1196 338 1202 351 ·’

49 492 211 581 Denique
231 490 400 560 Homerus
421 455 562 580 quoque
577 491 677 558 babet
697 491 785 559 bsnc
812 493 1040 582 loquutionem
1060 499 1135 566 loco

52 616 77 662 a
97 593 269 661 nonnullis
289 618 464 686 perperam
485 608 617 684 accepto
643 592 743 661 Iliad.
765 593 902 676 XVIII,
922 594 989 664 507
998 625 1008 664 ι

187 749 281 813 Κεῖτο
303 743 336 809 δ’
361 743 419 828 ἄρ’
444 745 477 811 ἓν
497 745 639 830 μέσσοισι
660 741 724 810 δύω
741 755 872 830 χρυσοῖο
893 742 1050 829 cetuna,

187 852 243 935 Τῷ
265 843 358 931 δόμεν
380 845 415 922 ὃς
434 846 514 929 μετὰ
536 857 618 914 τοῖσι
640 848 728 932 δίκην
749 845 904 912 ἰθύντατα
927 847 1016 916 εἴποι.

52 997 177 1088 Neqne·
201 998 291 1066 enim
314 1000 354 1064 de
379 997 500 1090 judicis
522 998 689 1088 praemio,
722 980 779 1085 qui
800 997 982 1065 rectissime
1004 1017 1135 1070 senten·

54 1100 141 1168 tism
161 1100 426 1190 pronuntiasset,
455 1101 512 1166 sed
536 1101 577 1165 de
606 1099 748 1188 quedam
778 1099 871 1187 quasi
898 1101 1076 1189 sponsione
1104 1128 1132 1173 s.

54 1207 311 1289 ιιοιραιιαταβολῇ
328 1190 542 1286 cogitandum
559 1215 625 1286 est,
648 1224 730 1290 quae
746 1202 839 1268 cedat
850 1200 904 1286 ei,
927 1201 984 1290 qui
1000 1228 1135 1275 causam

54 1326 153 1372 suant
183 1290 270 1393 spud
297 1303 424 1395 judices
454 1301 637 1370 rectissime
656 1302 793 1392 egisse,
822 1304 858 1371 h.
881 1327 912 1373 e.
937 1304 992 1392 qni
1012 1304 1134 1399 justam
1209 1396 1212 1401 ,

55 1426 191 1472 cansam
212 1405 335 1470 habere
356 1403 448 1471 visus
469 1402 584 1469 suerit.

79 1550 82 1554 -
135 1506 290 1580 ,σταδίους
313 1503 410 1581 εὐθὺς
430 1506 633 1591 τριακοσίους.
676 1503 774 1590 Quod
791 1504 950 1573 Reiskius
971 1505 1067 1584 εὐθὺς
1086 1508 1134 1577 si·
1211 1586 1215 1598 Ι
1248 1510 1253 1529 “

59 1605 220 1697 gnificare
248 1606 296 1672 ait
319 1607 499 1691 plansssime
524 1608 601 1690 vel,
633 1621 671 1673 ut
691 1608 794 1692 vulgo
819 1623 1000 1697 usurpant,
1014 1663 1017 1669 ,
1027 1613 1133 1697 plene,
1266 1616 1274 1637 Χ

56 1708 211 1790 wineade,
231 1721 368 1791 esum,
387 1709 552 1793 μναιαίους
572 1710 652 1773 oolla
671 1710 736 1775 300
748 1708 905 1775 staden.-
927 1709 1015 1776 bnnc
1035 1734 1136 1780 nsum
1219 1770 1222 1775 .

57 1808 158 1900 buius
191 1808 342 1875 adverbii
370 1833 475 1897 neque
505 1809 587 1876 novi
616 1833 720 1896 neque
741 1809 878 1899 probari
894 1833 999 1898 vposse
1021 1814 1132 1881 credo.

58 1909 320 1978 Rescribendnm
336 1932 450 1976 censeo
465 1909 562 1994 ἔγγὺς,
580 1913 814 1999 properandum.
856 1909 941 2005 [γε.
956 1913 1146 1997 ἰοΑοιίοσ.
1267 1966 1277 1987 4

59 2034 94 2104 p.
116 2013 196 2077 222:
228 2009 345 2076 ἔδίδετο
368 2010 454 2094 ἔγγὺς
475 2008 625 2077 ἐνιαυτόν.

144 2111 182 2200 ξ.
202 2114 256 2179 23.
277 2117 334 2196 τῆς
347 2110 450 2196 τήθης
460 2118 523 2178 τῶν
535 2113 655 2178 παίδων
668 2118 732 2180 τῶν
752 2109 877 2182 ἑαυτοῦ.
921 2109 1057 2183 Scilicet
1071 2113 1134 2185 Ni-

61 2212 190 2281 eudemi
202 2237 318 2295 soror,
340 2237 422 2299 qnae
442 2213 578 2307 Pyrrho
593 2215 742 2304 nupsisse
755 2216 946 2300 dicebatur,
973 2216 1048 2285 avia
1062 2232 1135 2285 erat
1201 2272 1205 2283 ,

61 2314 246 2403 liberorum
268 2313 448 2381 aXenocle
468 2339 486 2380 e
504 2313 623 2400 Phile,
645 2317 738 2384 illius
757 2317 849 2397 filia,
871 2332 1132 2406 procreatorum.

66 2411 164 2501 Τῆθη
175 2463 186 2496 ,
214 2439 281 2508 non
302 2414 388 2500 τηθή
409 2416 484 2485 avia
507 2417 645 2496 dicitur,
673 2435 710 2483 ut
731 2419 907 2486 mutandus
928 2412 1039 2506 utique
1059 2420 1134 2485 sne·

62 2517 108 2586 rit
128 2532 300 2601 accentus,
328 2542 425 2604 quem
441 2518 521 2584 libri
536 2521 688 2585 offerunt.
733 2518 888 2586 Geternm
899 2520 939 2585 de
955 2521 1018 2585 hac
1038 2543 1133 2604 voce,
1156 2530 1158 2534 ’

47 2643 123 2709 -pro
151 2642 215 2705 qus
246 2619 379 2705 sequior
411 2620 570 2706 graecitas
597 2618 728 2703 μάμμηι
751 2620 846 2706 dicit,
886 2619 957 2687 vid.
979 2620 1131 2690 Brunck.

64 2721 106 2786 etl
132 2707 308 2809 Aristopb.
337 2720 487 2787 Acheru.
522 2745 557 2789 v.
588 2719 644 2789 49.
681 2720 830 2788 Lobeck.
872 2721 914 2788 ad
944 2720 1131 2814 Phrynich.

62 2845 85 2914 p
149 2921 182 2987 ἐν
211 2920 257 3007 τῷ
287 2919 384 2987 ἄστει.
426 2916 532 2990 Mults
554 2924 594 2990 sd
616 2924 707 2991 bunc
731 2923 843 2990 locum
863 2946 883 2990 a
903 2920 1044 2990 Reiskio
1066 2923 1133 2992 dis·

64 3038 239 3114 putantur,
277 3046 360 3110 quae
396 3025 540 3090 refutare
570 3026 632 3093 vix
662 3049 743 3115 opus
772 3025 826 3091 sit.
884 3024 1134 3092 Absurditstens

66 3123 156 3191 enim
177 3124 324 3211 quaerit,
355 3125 413 3189 ubi
441 3127 536 3192 nnlla
557 3144 617 3193 est.
660 3125 847 3193 Non¹ei1im
867 3125 932 3193 boo
953 3126 1134 3195 absurdum

65 3225 146 3310 fnit,
177 3224 264 3312 quod
293 3216 330 3291 in
357 3223 429 3315 ipsa
449 3228 532 3293 urbe
563 3227 770 3313 superevolat
801 3242 1042 3317 exceperunt-e
1063 3225 1135 3317 Py·

67 3326 189 3411 ratide,
229 3326 286 3413 qui
313 3341 370 3392 aut
400 3344 534 3417 propter
562 3329 787 3395 valetudinem
814 3344 871 3395 aut
898 3328 975 3416 quia
994 3340 1135 3418 peregre

67 3428 271 3517 profecturus
300 3442 404 3512 esset,
438 3430 551 3495 adesse
568 3428 608 3495 in
628 3429 752 3520 judicio
774 3430 815 3496 sd
837 3429 1062 3496 testimonium
1083 3427 1135 3495 ‹li-

69 3528 208 3596 osndum
232 3527 303 3616 ipse
328 3552 398 3595 non
424 3546 533 3618 posset
552 3531 695 3617 -equid
727 3531 817 3600 enim
848 3531 938 3597 aliud
965 3529 1135 3597 facerent?
1178 3560 1180 3564 ·

69 3644 96 3697 et
115 3650 223 3716 neque
238 3637 424 3715 aegrotasse
444 3655 521 3698 eum
535 3654 639 3719 neque
653 3633 877 3721 proiecturum
897 3630 1016 3715 fuisse,
1048 3629 1137 3695 unde

67 3731 201 3799 andem
220 3728 379 3797 Reiskins
407 3731 564 3800 rescivit?
585 3771 629 3785 —-
649 3735 706 3800 sed
727 3734 792 3798 hoo
812 3730 921 3821 potius
943 3731 1136 3815 absurdum,

66 3832 161 3921 quod·
184 3855 287 3919 quum
316 3828 561 3914 ἰιι.ἓμβατειίσει
589 3833 673 3918 illa,
707 3858 744 3899 re
771 3834 876 3899 multo
903 3831 1042 3899 minoris
1063 3855 1137 3899 mo·

62 3931 171 4002 uenti
182 3978 194 4016 ,
224 3946 293 3997 tam
312 3922 436 4000 multos
457 3948 554 3999 testes
570 3958 703 4019 snsgna
724 3957 799 3999 cum
821 3934 972 3999 molestia
993 3947 1136 4000 trecente

61 4032 136 4104 fere
158 4021 208 4099 'sb
239 4035 321 4099 urbe
347 4033 454 4101 stadie
485 4059 598 4101 secum
618 4024 835 4118 eduxissent,
871 4033 908 4100 in
937 4033 1136 4123 ἐκμαρτυρίαι,

61 4133 202 4225 negotio
222 4135 323 4220 longe
337 4132 510 4222 graviori,
541 4134 595 4200 cui
608 4157 706 4222 quam
725 4134 863 4224 plurimi
877 4158 1038 4222 quemque
1058 4158 1139 4224 pro·

60 4229 233 4307 beatissimi
252 4247 349 4305 testes
370 4249 404 4303 et
415 4235 578 4333 debebunt
597 4233 749 4303 adhiberi
768 4249 802 4301 et
820 4250 955 4326 propter
973 4235 1040 4304 loci
1059 4259 1138 4328 pro·
