2632 4800
408 260 852 337 PRAEFATIO
1122 288 1161 337 rx

82 432 209 504 notulis
230 430 407 503 dioeudmu
428 442 499 523 est,
527 454 668 523 quorum
686 435 814 524 passim
835 434 994 503 lloislnius
1021 434 1162 505 montio·

86 576 161 623 nem
182 552 281 622 feeit.
323 552 482 642 Soaligor
502 555 591 623 euim
612 553 740 622 duobus
756 554 902 622 Aldinae
925 554 1079 625 editionis
1106 577 1163 625 ex·

88 672 227 761 amplis,
261 694 401 762 quorum
428 674 572 741 alterurn
599 682 721 761 postea
742 670 907 740 oxonium
933 674 968 740 in
989 673 1164 743 bibliothe-

85 814 163 861 oum
178 790 420 878 Bodleianum‚
448 793 592 861 ultorum
604 791 825 875 Ultrujeotum
845 792 1014 881 pervenit,
1037 792 1165 881 aliquot

87 913 302 998 ouujeoturas
333 911 579 999 adscripscrat,
611 930 699 999 quae
720 932 797 978 oum
817 910 956 980 Reisloio
978 910 1022 978 ab
1044 909 1164 979 amieis

87 1030 360 1100 oomruunioatae
391 1038 478 1098 sunt
527 1028 605 1101 Vld.
631 1028 749 1098 Reisln
774 1030 884 1119 praei.
912 1032 958 1097 ad
985 1029 1099 1099 Sohol.
1128 1030 1164 1099 in

87 1149 249 1219 Aesoliin.
271 1149 313 1217 0.
336 1147 379 1216 (i.
400 1158 481 1217 tom.
502 1146 555 1215 111
574 1171 608 1236 p.
622 1148 698 1215 71o.
718 1148 793 1215 717.
814 1147 958 1232 Taylori
978 1150 1164 1217 annotatio·

87 1290 150 1337 nes
177 1267 431 1357 Stephuniauae
458 1266 602 1352 margini
633 1265 822 1355 adsoriptas
843 1266 1001 1336 Reiskius
1029 1267 1073 1333 ab
1100 1269 1166 1336 Ae-

88 1388 195 1455 kewio
218 1386 363 1475 oooepit
413 1386 492 1456 Vid.
518 1394 598 1452 toni.
619 1383 688 1455 vll
716 1406 751 1472 p.
772 1384 849 1453 848.
871 1393 951 1453 tom.
971 1384 1056 1456 vul
1076 1409 1109 1475 p.
1130 1385 1164 1455 l.

88 1506 143 1575 Ab
161 1508 283 1574 eodem
298 1502 458 1574 Askewio
474 1504 609 1591 aooepit
626 1503 728 1571 etiam
745 1503 879 1570 notulas
893 1506 1056 1591 quasdam
1071 1504 1166 1592 Top-

87 1624 197 1711 hami,
230 1643 329 1712 quem
356 1624 430 1712 ipse
452 1623 654 1712 Tophanem
686 1620 766 1689 dioit
794 1621 923 1711 etquis
943 1622 1166 1691 fuerithomo

87 1732 226 1810 uesoile
253 1764 292 1810 se
317 1740 491 1831 profitetur
515 1744 561 1809 ad
584 1740 674 1808 leae.
705 1762 739 1828 p.
759 1740 814 1807 65.
870 1741 1022 1809 Fuerunt
1052 1750 1167 1809 autem

88 1861 172 1931 illae
192 1862 250 1929 nui
271 1861 446 1929 chartulae
458 1859 641 1949 inseriptae
658 1860 692 1926 in
708 1858 862 1946 exemplo
875 1859 1028 1928 editionis
1050 1860 1166 1928 neseio
1247 1912 1252 1919 .

90 1984 207 2067 eujus,
236 1982 323 2069 quod
345 1980 423 2047 olim
444 1979 613 2067 Tophami
632 1979 762 2064 fuerat,
790 1987 912 2067 postea
932 1980 967 2045 in
988 1979 1067 2047 bibl.
1089 1980 1168 2048 Eto-

88 2123 233 2169 uensem
268 2106 487 2188 pervenerat,
529 2119 552 2163 a
577 2096 729 2180 Tayloro
764 2098 989 2185 transoriptae
1028 2107 1063 2167 et
1090 2121 1167 2166 oum

90 2221 167 2303 ejus
199 2218 335 2286 sohedis
367 2219 412 2284 ad
445 2214 619 2283 Reisklum
655 2216 886 2284 transmissae.
940 2217 1018 2287 Vrd.
1049 2216 1167 2285 Jouos.

89 2345 176 2405 nott.
205 2339 249 2404 ad
279 2336 369 2404 lsae.
396 2357 429 2422 p.
451 2336 526 2405 291.
585 2333 734 2401 Brularti
763 2336 904 2423 denique
932 2337 1065 2403 notulas
1094 2336 1169 2405 sto-

90 2456 284 2544 phaniauae
314 2455 468 2522 editionis
495 2452 650 2540 exemplo
681 2454 871 2540 adscriptas
898 2454 1090 2522 Brunokius
1125 2457 1169 2522 ad

18 2623 24 2633 ·
91 2573 269 2642 Reislrium
299 2574 401 2641 misit.
455 2573 505 2641 Je
532 2575 646 2659 crois,
688 2572 791 2660 inquit
818 2571 1008 2639 Brunokius
1043 2596 1097 2659 ap.
1127 2572 1170 2640 R.

91 2703 177 2762 tom.
197 2692 247 2763 lv
276 2692 353 2778 epil.
381 2714 414 2780 p.
439 2691 513 2778 138,
545 2714 613 2779 quo
638 2690 674 2755 e’
701 2702 756 2758 est
776 2688 937 2758 Brulort
963 2692 1006 2757 de
1027 2690 1168 2777 Sillero‘,

92 2813 164 2902 qui
182 2813 272 2878 etoit
290 2811 380 2876 dam
399 2810 433 2875 lo
452 2811 636 2876 ministare
656 2832 737 2876 som
758 2810 884 2878 Hom-i
902 2809 930 2876 I
934 2809 974 2877 V.
1006 2848 1050 2860 -
1086 2810 1172 2897 Post

91 2928 271 2998 Reiskium
293 2929 417 3015 optime
439 2930 482 2994 de
502 2927 602 2995 Isaeo
626 2929 765 2997 meritus
787 2938 840 2997 est
861 2926 1049 2995 Guilelmus
1069 2926 1172 2996 Jone-

95 3048 168 3115 sius
195 3047 398 3133 Britannus,
433 3047 638 3115 orationibus
666 3049 738 3131 ejus
765 3047 801 3114 in
823 3048 1040 3115 vernaculum
1072 3069 1170 3115 suum

96 3188 289 3233 sermonem
320 3168 496 3253 eleganter
524 3166 695 3234 eonversis
726 3175 762 3234 et
783 3166 997 3234 annotatione
1018 3165 1172 3234 breviore

97 3285 232 3375 quidem
260 3289 323 3353 sed
345 3288 476 3354 erudita
501 3286 693 3373 illustratis,
729 3288 861 3369 adjecto
882 3293 1064 3373 praeterea
1086 3308 1174 3353 eorn-

96 3405 263 3472 meutario
297 3406 549 3473 aoouratissimo
579 3408 622 3472 de
649 3407 727 3487 jure
762 3404 964 3472 hereditario
991 3403 1175 3472 Athenien·
1259 3444 1263 3449 -

97 3523 197 3591 sium.
254 3523 384 3592 Prodiit
409 3523 496 3591 liber
522 3522 643 3590 Oxonii
670 3523 754 3590 1779
781 3530 905 3612 quart,
944 3521 1174 3609 repetitusque

99 3649 155 3709 est
181 3640 216 3707 in
236 3641 368 3709 lonesii
396 3664 535 3729 operum
564 3642 763 3709 oolleotione
793 3651 872 3709 tom.
893 3642 956 3707 IX.
998 3639 1174 3706 lonesium

99 3769 260 3847 sequutus
289 3768 343 3828 est
362 3760 569 3828 Athanasius
589 3760 780 3846 Augerius,
815 3765 909 3844 eujus
930 3758 1176 3843 francogallioa

99 3879 275 3946 conversio
306 3879 405 3946 trium
433 3888 620 3965 oratorum,
649 3878 820 3964 Lycurgi,
853 3876 1057 3962 Andooidis,
1084 3876 1176 3944 lsaei

98 4020 178 4065 oum
200 3996 327 4086 aliquot
340 3997 482 4084 Augurii
503 3998 771 4066 annotationibus
791 3995 912 4082 prodiit
929 3993 1069 4062 Parisiis
1092 3995 1177 4061 1783

97 4126 168 4187 oot.
211 4116 311 4185 lluno
340 4115 460 4187 librum
481 4138 581 4207 quum
608 4116 642 4185 in
667 4114 871 4184 bibliotheoa
891 4112 1101 4184 Berolinensi
1131 4111 1177 4178 in·
