2632 4800
68 172 71 177 ’
191 234 257 303 eoo
477 286 482 299 .
548 228 599 299 ut
620 225 903 298 ommouuu
1006 174 1009 181 ¹

192 396 487 488 tem'poribushero
503 399 713 488 persolvunt,
744 409 976 485 quaevocutur
993 394 1157 484 ἀποφορά,
1188 420 1270 488 par·

190 501 252 568 tim
268 499 431 590 operarii,
452 499 512 587 qui
523 499 598 566 aliis
614 501 796 569 elocuntur.
825 497 906 565 Vid.
920 497 1071 568 Boeckh.
1088 499 1130 565 de
1147 522 1268 573 oecon.

190 626 221 669 r.
242 627 276 690 p.
298 599 384 670 A.l
415 604 451 689 p.
470 602 525 667 78.
546 601 637 667 Add.
666 598 852 667 Gussubon.
881 600 923 665 ad
953 599 1127 689 Theophr.
1159 598 1269 667 Char.

191 728 221 772 c.
233 707 277 770 22
298 719 331 770 et
340 702 472 769 Pollux
483 701 563 785 vll,
585 703 650 769 139
669 726 741 789 sqq.
753 739 799 751 —-
817 702 997 777 Παιδίσκας
1017 702 1171 771 diversas
1195 725 1270 767 esse

188 827 210 871 a
236 803 444 889 θεραπαίναις
470 827 514 871 ex
534 805 598 870 hoo
624 803 700 893 ipso
726 806 801 870 loco
828 803 908 870 sutis
939 819 1087 892 apparet.
1127 802 1268 871 Distin-

189 920 338 992 guuutur
363 904 445 971 item
472 905 557 994 apud
579 904 720 996 Lysiam
741 906 782 970 de
811 905 904 971 caed.
926 904 1114 987 Eratosth.,
1147 904 1210 969 ubi
1231 928 1267 995 p.

189 1008 230 1073 11
245 1022 278 1074 et
296 1010 338 1075 19
350 1005 445 1073 vides
465 1002 663 1092 θεράπαιναν
683 1007 740 1090 τὴν
761 1008 804 1083 ελς
817 1005 936 1092 α’γοριὶν
948 1008 1156 1087 βαδίζουσαν,
1178 1029 1267 1092 quse

189 1110 387 1191 obsonator,
409 1120 523 1173 contre
536 1109 700 1191 παιδίσκην
719 1133 753 1198 p.
774 1107 827 1193 14,
849 1108 984 1194 quaein
1001 1108 1181 1181 coenaculo
1198 1106 1269 1175 mi·

189 1210 318 1276 nistret.
367 1208 411 1274 Et
438 1207 595 1276 videntur
619 1211 757 1277 omuino
784 1210 944 1275 παιδίσκαι
974 1209 1198 1295 elegantiores
1227 1232 1267 1276 ac

188 1310 395 1377 delicatiores
409 1310 527 1396 fuisse,
550 1311 711 1383 viliorum
723 1311 909 1379 officiorum
920 1311 1097 1378 immunes.
1119 1349 1163 1361 -
1185 1308 1266 1379 Jam

168 1414 308 1481 :harum
329 1411 480 1477 omnium
500 1434 615 1479 rerum
636 1413 830 1501 uuiversum
849 1412 995 1503 pretium
1014 1412 1117 1479 fuisse
1138 1413 1267 1479 dicitur

188 1514 280 1580 πλέον
300 1511 321 1596 ἢ
343 1512 523 1597 ἐνενήκοντα
544 1519 649 1601 μνῶν,
677 1515 799 1602 inqua
822 1515 1065 1601 computatione
1086 1518 1266 1582 servorum

133 1612 137 1621 ’
186 1614 330 1705 pretium
347 1639 416 1681 nou
430 1630 640 1683 numeratum
651 1641 722 1684 esse
737 1632 883 1706 apparet.
926 1616 1013 1684 Nam
1025 1615 1162 1706 praedia
1179 1618 1264 1701 solu,

186 1719 315 1783 urbana
341 1731 374 1783 et
401 1717 543 1798 rustica,
571 1719 740 1785 minarum
766 1734 845 1784 sunt
872 1717 975 1785 trium
999 1732 1030 1784 et
1056 1718 1243 1805 nonaginta
1251 1744 1265 1801 3

187 1819 426 1906 servi-quoque
447 1833 480 1885 et
499 1819 641 1887 ancillae
661 1820 693 1887 si
713 1820 929 1900 accesserint,
950 1819 1061 1885 minae
1074 1819 1265 1893 efficiuntur

187 1917 279 1985 CVI.
323 1916 390 1986 Sed
412 1920 450 1985 hi
470 1923 604 2011 proprie
625 1938 791 1999 uomsuut
810 1927 866 2005 τῆς
888 1926 1024 2006 φανερᾶς
1044 1919 1173 2002 οὐσίας,
1197 1944 1264 2011 quo

186 2020 322 2087 nomine
343 2022 530 2089 immobilia
551 2024 760 2113 potissimum
782 2023 1008 2110 designantur.
1166 2045 1174 2053 “

190 2168 194 2175 -
236 2164 239 2169 ·
272 2122 308 2208 ᾧ
322 2123 375 2188 36.
398 2123 514 2207 ἐκείνην
533 2127 590 2208 μὲν
610 2125 671 2212 γὰρ
692 2125 749 2191 οὐκ
771 2126 906 2203 {tectus
926 2163 982 2196 -.
1010 2124 1174 2192 Videmus
1194 2125 1264 2215 igi·

185 2239 241 2290 tur
261 2226 325 2290 hoc
345 2224 430 2316 juris
450 2226 552 2293 fuisse
574 2244 606 2295 et
618 2229 721 2313 vulgo
734 2228 808 2295 fleri
828 2228 965 2295 solitum
972 2273 985 2313 ,
1013 2242 1050 2293 ut
1066 2250 1157 2295 uxor
1177 2252 1262 2315 quae

184 2348 302 2415 parere
329 2326 437 2393 adhuc
462 2353 522 2418 per
542 2344 682 2396 aetutem
711 2344 841 2419 posset,
874 2330 990 2398 aviro
1011 2327 1143 2395 seniore
1165 2344 1199 2395 et
1219 2330 1261 2395 ad

52 2510 55 2515 Δ
183 2425 308 2493 liberos
339 2431 562 2516 procreandos
593 2456 660 2497 non
687 2431 757 2521 jam
784 2431 906 2497 idoneo
932 2431 1122 2498 diverteret.
1146 2468 1190 2481 -
1219 2432 1259 2498 Iu

164 2529 395 2616 =sequeutibus
422 2534 566 2599 notanda
593 2532 733 2625 subjecti
754 2533 908 2601 mutatio:
943 2531 1145 2616 βουλεύσαιτο
1168 2533 1258 2599 enim

98 2698 101 2703 ,
183 2654 253 2698 nou
284 2632 428 2721 amplius
460 2635 500 2700 de
522 2634 641 2702 Diocle
674 2635 795 2701 dicitur
826 2636 884 2702 sed
915 2635 954 2700 de
977 2634 1111 2704 Ciroue.
1157 2633 1256 2702 Gouf.

183 2748 253 2799 not.
276 2733 318 2798 ad
341 2758 391 2813 qr.
415 2737 454 2802 de
475 2736 636 2824 Dicaeog.
665 2739 739 2815 her.
763 2743 797 2818 ᾗ.
820 2743 854 2806 3.
897 2738 1102 2823 Διαφθείρειν
1123 2734 1199 2805 scil.
1221 2736 1254 2802 τὸ

122 2884 124 2891 .
182 2831 336 2917 ἔμβρυον,
359 2837 400 2902 de
421 2838 557 2923 abortu,
586 2840 674 2905 unde
702 2839 802 2905 etiam
832 2835 996 2924 ὃιαφθορή
1018 2839 1133 2905 eodem
1155 2862 1255 2905 sensu

78 2999 81 3004 .
183 2936 271 3022 apud
293 2935 529 3028 Hippocratem
549 2941 700 3030 Epidem.
722 2941 803 3027 vll,
824 2941 868 3009 48
887 2966 921 3029 p.
939 2941 1004 3009 869
1025 2941 1076 3006 ed.
1099 2941 1128 3006 1.
1150 2941 1198 3006 A.
1220 2964 1254 3008 v.

166 3032 216 3103 'd.
231 3037 376 3106 Linden.
390 3039 608 3129 Frequentius
625 3060 736 3110 tamen
754 3045 838 3131 apud
860 3045 951 3109 hunc
972 3056 1022 3110 est
1040 3040 1253 3137 ἀπορθείρειν,

180 3136 333 3226 Epidem.
361 3140 425 3227 Ν,
462 3148 496 3228 2,
524 3146 546 3212 5
576 3171 610 3235 p.
633 3145 709 3215 743.
735 3145 798 3228 lv,
826 3148 885 3229 12,
917 3146 970 3213 13.
1001 3169 1035 3233 p.
1057 3144 1139 3228 751,
1170 3143 1254 3209 unde

180 3237 355 3325 ἀποφθορή
374 3242 423 3310 ib.
438 3245 509 3330 lli,
531 3256 565 3332 2,
588 3249 631 3314 10
656 3274 690 3339 p.
713 3250 777 3316 719
799 3261 831 3314 et
858 3245 1058 3334 ἅπόφθαρμα
1078 3245 1128 3312 ib.
1151 3245 1200 3329 ll,
1221 3247 1253 3327 2,

42 3376 44 3381 ·
180 3342 223 3406 33
244 3367 278 3430 p.
300 3345 363 3411 691
386 3359 473 3414 extr.
517 3347 558 3415 Iu
587 3350 663 3417 aliis
690 3364 801 3416 autem
821 3347 1033 3438 Hippocratis
1053 3346 1153 3414 libris
1176 3348 1252 3413 ἐκτι-

179 3438 327 3527 τρώσκειν
348 3447 457 3535 potius
480 3450 614 3519 dicitur.

264 3545 301 3631 ᾧ.
325 3551 379 3613 37.
410 3547 451 3613 τά
482 3575 515 3616 τε
544 3544 599 3618 οὖν
617 3553 696 3637 χρία
715 3590 760 3603 -
780 3553 833 3618 καὶ
853 3548 965 3627 τόκους
985 3555 1052 3618 κτλ.
1098 3549 1253 3617 Omissus

179 3644 265 3732 opud
294 3647 436 3716 alterum
467 3677 588 3725 nomeu
620 3654 780 3722 articulus
806 3677 966 3741 nequem
996 3652 1141 3719 offendat
1165 3651 1253 3718 conf.

179 3748 332 3834 exempla
354 3750 543 3839 aKriigero
566 3771 720 3842 congesta
742 3757 782 3822 ad
796 3756 941 3848 Dionys.
954 3754 1034 3821 Hal.
1057 3754 1253 3840 historiogr.

177 3872 210 3936 p.
233 3846 297 3913 140
319 3851 412 3916 etad
433 3852 589 3943 Xenoph.
612 3860 724 3925 Anah.
746 3885 780 3948 p.
799 3862 853 3942 92,
875 3857 993 3945 quibus
1014 3857 1112 3945 plura
1132 3856 1254 3922 addere

178 3947 268 4022 nihil
288 3949 470 4019 attinet-
489 3957 558 4026 Pro
580 3957 719 4047 cipiliaco
742 3959 838 4046 αὐτῷ,
861 3958 947 4046 quod
962 3958 1053 4025 -olim
1074 3959 1111 4026 h.
1124 3958 1152 4024 l.
1172 3955 1254 4025 scri·

178 4047 331 4153 bebatur,
352 4050 513 4127 Reiskius
530 4077 587 4127 aut
606 4060 744 4149 ὑφείλετο
759 4059 845 4148 αὐτῷ
865 4060 1078 4128 scribendum
1100 4057 1252 4150 conjecit,

179 4164 235 4214 ⁸11¹
251 4158 308 4235 up.
327 4151 421 4225 αὐτὸν
444 4163 492 4244 [ν.
513 4161 638 4250 aevom.
681 4163 793 4251 Neque
806 4163 946 4256 injuria:
975 4186 1056 4231 nsm
1071 4159 1252 4229 Homerica
