2632 4800
285 308 350 378 nn
372 234 1007 391 amsinacmnaanntnsrn.
1138 308 1223 378 ιιι·
1291 319 1293 323 ’

123 476 203 545 inde
216 477 343 547 bellunm
356 475 576 545 Intervenisse
592 474 824 561 Corinthium,
846 474 882 553 in
898 501 963 564 quo
978 475 1203 569 ipsi‘acpatri

124 604 186 646 sun
205 578 421 673 militandum
449 578 566 643 luisse:
596 592 708 692 postea
732 578 889 643 accidisse
910 578 992 663 sibi,
1021 584 1059 646 ιἰι
1079 580 1203 648 aerarii
1276 592 1278 603 ¹

124 676 257 747 debitor
278 684 370 746 fieret
392 679 530 767 ideoque
553 703 571 745 a
593 679 665 766 jure
688 698 748 745 sno
764 680 989 766 persequendo
1007 683 1211 749 excludere-¹

122 797 192 848 tur.
237 768 362 879 Neqnel
372 772 502 881 quando
524 779 598 869 quis
617 793 725 883 petat,
758 780 814 847 sed
837 802 901 869 quo
922 781 996 871 jure
1016 797 1105 869 petat
1126 808 1201 874 spa·

122 872 287 987 standum
304 898 385 950 esse.

148 985 339 1071 Quodsi
357 976 593 1052 Aristarchum
616 981 719 1050 illum
734 979 920 1068 minorem,
952 978 1199 1104 Cyronidish

121 1087 223 1171 Idum,
256 1087 370 1167 virum
392 1085 560 1151 bonnm
537 1110 571 1152 se
593 1109 633 1154 ao
654 1085 808 1152 fortem'
795 1109 834 1150 sn
855 1083 975 1150 militia
995 1087 1200 1192 praestitisse

100 1170 155 1254 Net
150 1212 236 1279 pro
257 1188 364 1279 patria
386 1202 526 1255 mortem
548 1187 671 1254 obiisse
693 1185 877 1255 adversarii
898 1184 1020 1268 dicant,
1044 1187 1199 1305 propter·

106 1286 224 1378 ¹enque
251 1313 390 1378 aequum
419 1314 488 1354 esse
510 1290 709 1363 contendant
738 1301 776 1352 ut
796 1303 1028 1354 testamentum
1050 1288 1121 1379 ejus
1142 1313 1199 1371 ra-

118 1406 192 1458 tum
213 1391 396 1476 habeatur,
427 1392 514 1457 hanc
534 1389 698 1458 rationem
720 1403 791 1455 tum
812 1388 946 1455 demum
967 1391 1081 1457 valere
1101 1412 1197 1479 posse

118 1518 150 1560 st
139 1493 212 1559 de
234 1517 292 1559 sua
314 1491 454 1584 pecunia
476 1506 610 1558 testatus
633 1505 735 1574 esset,
766 1513 835 1555 non
856 1490 937 1555 item
959 1490 989 1557 si
1011 1492 1051 1557 de
1072 1493 1194 1560 aliena.

116 1591 294 1662 Praeterea
312 1593 550 1664 adversarios
539 1617 606 1684 qam
628 1616 694 1660 una
707 1590 888 1662 hereditate
902 1591 1023 1679 potitos
1046 1617 1115 1660 esse
1135 1619 1196 1684 per

118 1692 301 1814 Cpronidis
332 1685 582 1786 adoptionem
570 1719 606 1771 ιιι
637 1695 692 1760 avi
723 1693 866 1760 materni
884 1693 1050 1776 ¹domnm3
1089 1717 1195 1782 nequa

79 1790 84 1809 '
116 1796 224 1886 igitur
251 1800 302 1863 fas
333 1821 401 1863 esse
429 1797 528 1863 etiam
560 1798 718 1879 alteram,
755 1793 819 1861 sibi
842 1793 1005 1880 matrr'que
1034 1819 1113 1862 suae
1135 1822 1196 1887 per
1274 1808 1276 1812 “

116 1924 282 1966 summam
301 1898 457 1990 injuriam
471 1887 638 2014 ereptam,
666 1897 736 1962 sllrs
751 1894 954 1987 adjudicari,
983 1916 1085 1983 quum
1097 1920 1194 1986 prae-
1253 1948 1256 1959 .

65 2004 80 2077 ᾗ
115 2001 233 2068 sertim
249 2001 461 2068 Xenaenotus
477 1999 553 2084 ille,
583 1996 843 2085 quiAristarchi
861 1997 1080 2066 hereditatem
1091 2015 1193 2086 petat,
1252 2066 1254 2070 ,

114 2102 213 2170 honis
228 2103 296 2168 suis
314 2102 353 2166 ad
370 2101 514 2167 nelarias
536 2100 693 2166 libidines
714 2100 900 2187 explendas,
915 2100 1081 2168 abutatur.

203 2204 351 2293 Te‘mpns
373 2203 472 2292 hujus
500 2202 660 2269 orationis
693 2201 900 2289 aliquatenus
929 2216 1017 2268 certe
1038 2203 1193 2289 cognosci

112 2319 220 2396 potest
240 2316 284 2370 ex
301 2305 355 2388 iis,
379 2329 460 2390 qnae
478 2303 515 2391 ᾧ.
534 2305 577 2368 20
597 2319 786 2369 narrantur.
809 2301 896 2367 Nam
911 2326 1011 2388 quum
1026 2305 1192 2373 belloCo-

112 2406 243 2474 rinthio
257 2431 292 2471 se
307 2422 497 2493 patremque
510 2428 608 2469 suum
626 2419 717 2468 actor
736 2403 897 2468 militasse
912 2404 1010 2488 dicat,
1037 2431 1106 2494 pax
1118 2408 1191 2494 illa,

115 2508 214 2596 cujus
235 2508 361 2573 ibidem
383 2506 507 2574 mantio
529 2509 582 2586 fit,
604 2506 673 2570 non
695 2504 761 2567 alia
784 2526 853 2569 esse
874 2519 980 2591 potest
1001 2527 1100 2592 quam
1115 2510 1192 2576 An.
1298 2514 1301 2521 '

110 2608 273 2693 talcidea,
306 2610 490 2697 quaefacta
512 2621 560 2671 est
581 2606 639 2673 Ol.
659 2602 821 2686 XCVIII,
842 2609 875 2670 2.
894 2628 925 2670 a.
945 2603 983 2671 C.
1002 2608 1078 2673 387.
1121 2608 1191 2675 Ita.

111 2732 178 2801 qne
200 2725 275 2798 post
306 2711 394 2774 hunc
427 2733 550 2774 annum
573 2705 758 2771 orationem
779 2707 927 2787 habitam
948 2730 1019 2773 esse
1040 2725 1188 2798 apparet.

109 2812 183 2881 Per
203 2811 329 2898 aliquot
351 2826 460 2875 autem
482 2824 555 2896 post
583 2832 697 2897 pacem
725 2831 830 2873 annos
862 2821 974 2887 actor,
1011 2811 1104 2900 cujus
1134 2811 1189 2876 in·

110 2913 214 3008 terim
236 2929 329 3002 pater
361 2910 536 2977 decessisse
562 2911 711 2992 videtur,
743 2923 876 2999 propter
907 2907 1049 2996 ἀτιμίαν,
1086 2934 1189 3000 quum

110 3013 244 3083 aerario
258 3015 408 3094 deberet,
431 3036 450 3078 a
467 3011 524 3077 lite
540 3010 738 3083 instituenda
753 3011 940 3098 prohibitus
955 3028 1014 3079 est.
1059 3013 1188 3098 Quam-

109 3117 172 3184 diu
205 3114 315 3198 ἄτιμος
343 3115 445 3180 inerit
467 3137 534 3178 non
556 3113 739 3201 eloquitur3
771 3114 826 3179 sed
849 3138 949 3199 quum
970 3113 1187 3185 Aristarchus

108 3218 226 3286 minor
247 3220 291 3281 'in
320 3210 408 3282 bello
430 3215 550 3282 obierit
578 3214 629 3302 (ᾧ.
652 3215 727 3300 22),
758 3213 934 3282 Corinthio
963 3217 1052 3282 haud
1075 3217 1186 3304 dubie,

108 3318 201 3388 intra
233 3316 497 3406 quinquennium
524 3332 612 3382 certe
643 3331 716 3406 post
739 3316 845 3407 'hujus
873 3317 1001 3386 obitum
1027 3320 1114 3387 hanc
1145 3322 1186 3388 de

109 3419 251 3513 majoris
272 3418 462 3486 Aristarchi
483 3418 665 3485 hereditate
687 3419 781 3483 litem
808 3418 995 3485 institutam
1017 3444 1087 3487 ease
1109 3446 1186 3488 cen·

108 3547 188 3606 seo,
225 3520 491 3610 quandoquidem
518 3534 607 3606 post·
625 3521 688 3586 hoc
720 3536 849 3610 tempus
876 3521 1092 3612 praescriptio
1114 3524 1185 3593 eia
1244 3590 1248 3601 ,

107 3624 305 3692 Xenaeneto
336 3621 460 3713 opponi
489 3622 616 3711 potuit,
652 3621 693 3686 de
720 3644 784 3710 qua
816 3623 902 3689 conf.
933 3645 1017 3709 quae
1043 3620 1118 3690 dixi
1144 3626 1185 3693 de

108 3726 183 3794 ord.
213 3725 281 3814 jud.
313 3748 352 3812 p,
371 3726 447 3792 636.
491 3722 600 3811 Igitur
621 3722 751 3789 etiamsi
773 3738 923 3789 extremo
951 3739 1082 3792 tantum
1103 3728 1184 3794 belli
1211 3773 1215 3782 .

93 3826 279 3896 'Corinthii
306 3843 457 3916 tempore
477 3825 709 3890 Aristarchum
739 3825 904 3891 minorem
924 3840 1093 3893 mortuum
1106 3852 1184 3914 csse

108 3940 310 4010 statuamus,
340 3926 418 3993 circ.
442 3951 473 3992 a.
490 3927 554 3993 388
571 3927 629 3994 Ol.
651 3924 815 4010 XCVIII,
837 3928 869 4011 1,
892 3943 1092 3994 nontamen
1109 3948 1184 4016 post

106 4029 184 4116 384,
199 4030 257 4097 Ol.
271 4026 403 4110 XCIX,
421 4029 452 4112 t,
474 4027 657 4094 orationem
670 4041 818 4092 nostram
833 4028 982 4094 habitam
998 4055 1068 4097 esse
1083 4054 1183 4117 opor-

107 4131 208 4200 tebit:
241 4148 271 4196 et
288 4129 463 4212 Krtigerns
481 4152 609 4214 qnoque
624 4128 664 4193 ad
685 4126 832 4195 Clinton.
850 4129 878 4195 F
880 4143 940 4196 ast.
955 4130 1045 4198 IIell.
1066 4155 1100 4220 p.
1119 4134 1181 4202 111

103 4232 187 4303 huic
194 4229 394 4324 Olympiadi
400 4229 542 4316 meanti,
555 4245 611 4296 aut
621 4229 787 4318 superiori
797 4230 931 4298 exeunti
939 4255 1012 4299 eam
1020 4234 1179 4324 assignat.
