2632 4800
171 306 175 311 ·
242 266 306 361 nh
327 290 642 365 nrcuuocnnrs
662 296 985 375 uuuuurrarn.
1084 305 1147 371 an

67 457 230 545 Είλῆθυιοι
244 464 468 548 οτοΕίλείθυιιι
484 476 619 527 tuentur
633 462 762 529 codices
775 467 927 532 nonnulli
942 468 977 533 in
984 466 1145 539 Herodot.

69 563 135 631 lib.
157 560 211 631 lv
238 587 268 633 e.
289 565 345 647 35,
378 563 458 631 item
483 562 681 632 Callimach.
704 565 824 655 hymn.
847 566 883 631 in
904 565 986 636 Del.
1009 594 1044 637 v.
1071 558 1144 636 139.

68 663 220 733 Pausan.
242 664 290 750 ll,
317 670 350 749 ⁵,
381 667 413 733 1.
444 666 594 757 Hesych.
623 665 746 733 tom.l
774 690 809 753 p.
832 666 918 734 1106
943 684 976 734 et
997 671 1042 735 al.
1065 694 1146 756 quos

68 767 188 837 laudat
208 762 406 834 Schaelerua
436 768 477 835 ad
501 768 642 854 Gregor.
672 766 828 835 Corinth.
856 791 891 854 p.
914 769 990 837 911.
1012 807 1055 821 —-
1078 769 1147 837 Gur

69 882 186 935 autem
213 868 251 934 in
270 868 431 960 Ilithyiaa
458 869 668 955 potissimum
691 870 770 934 aede
793 869 979 936 consederit
1000 872 1146 939 Dicaeo·
1221 919 1227 925 -

68 969 171 1057 genia
192 984 316 1052 mater,
339 970 461 1056 quidve
476 971 547 1035 filio
564 970 830 1058 exprobraverit,
852 994 985 1037 nemoa
1005 996 1059 1043 me
1080 972 1146 1039 sibi

66 1069 207 1145 narrari
231 1071 424 1157 postulabit.
466 1070 607 1139 Reiskio
636 1088 764 1165 tamen,
794 1096 896 1159 quum
918 1096 936 1138 a
958 1083 1145 1159 praegnan-

66 1171 163 1240 tibus
190 1187 221 1238 et
252 1173 514 1258 parturientibus
541 1162 681 1264 Ilithyia
717 1173 946 1258 invocaretur,
980 1174 1146 1258 „videtur

15 1278 21 1287 '
64 1296 176 1363 pacm
197 1288 303 1341 mater
312 1273 531 1359 Dicaeogenis
551 1273 663 1361 partui
677 1274 861 1364 propinqua
880 1300 914 1342 se
936 1300 955 1342 e
975 1275 1046 1341 filio
1067 1299 1145 1362 gra-

65 1374 188 1444 vidam
207 1375 329 1441 luctam
343 1391 454 1461 questa
477 1400 549 1442 esse
571 1400 710 1462 eumque
730 1377 874 1443 incestus
894 1377 1145 1444 insimulasse.“

128 1476 134 1492 ’
158 1476 196 1565 ᾖ.
218 1474 271 1544 19.
298 1478 434 1543 Μέλανα
455 1515 498 1528 --
518 1474 733 1563 ἀποστερήσας
759 1475 902 1559 ξ’χθιστίς
924 1478 999 1545 ἔστι.
1044 1475 1142 1546 (lonf-

64 1576 219 1666 Kriiger.
242 1579 283 1644 ad
306 1578 450 1669 Dionys.
473 1579 645 1665 historigr.
668 1605 701 1667 p.
725 1579 796 1646 119.

157 1680 196 1769 ᾖ.
217 1678 271 1747 11.
302 1683 334 1746 ἕν
355 1679 508 1748 Διονύσου
538 1683 688 1768 τρίποδας
708 1718 762 1747 ·-.
794 1681 848 1746 De
869 1682 923 1748 his
944 1681 1143 1767 tripodibus,

68 1803 154 1868 quos
181 1783 338 1849 ludorum
365 1784 571 1850 musicorum
592 1783 737 1851 victores
758 1781 891 1848 Baccho
913 1796 970 1847 aut
989 1783 1143 1870 Apollini

67 1881 223 1950 dedicare
239 1885 401 1969 solebant,
412 1886 491 1952 satis
505 1901 552 1951 est
569 1883 920 1952 laudareBoeckhium
929 1881 1141 1971 (lorplnscr.

66 1986 140 2053 vul.
162 1986 180 2051 1
200 2011 233 2075 p.
251 1984 327 2052 342.
371 1986 428 2052 Ex
447 1986 501 2052 his
523 1987 677 2053 nonnulli
699 1986 828 2074 inipso
851 1987 1053 2073 templorum
1071 2009 1143 2050 am-

65 2083 143 2153 bitu
162 2086 264 2174 positi
285 2103 395 2171 erant,
416 2088 566 2176 plerique
587 2087 623 2153 in
643 2087 700 2154 via
722 2085 931 2175 propinqua,
953 2111 1035 2173 quae
1060 2087 1138 2171 Τρί-

65 2188 162 2263 ποδες
188 2204 324 2275 propter
350 2189 386 2255 id
424 2190 535 2276 ipsum
567 2191 738 2255 nominata
769 2203 828 2254 est.
880 2188 1052 2257 Plutarch.
1079 2188 1140 2256 vit.

64 2286 145 2357 Nic.
168 2315 198 2359 c.
226 2292 268 2356 3:
307 2286 322 2354 ὁ
345 2299 411 2365 τοῖς
437 2300 613 2375 χορηγικοῖς
634 2290 775 2373 τρίποσιν
795 2286 991 2370 ὑποκείμενος
1013 2289 1043 2353 ἐν
1062 2293 1143 2355 Λιο-

65 2389 165 2457 νύσοο
186 2389 271 2466 νεώς.
314 2390 401 2458 Plat.
426 2391 529 2476 Gorg.
558 2414 591 2477 p.
615 2390 761 2457 1721:
792 2392 905 2465 Νικίας
924 2392 977 2455 καὶ
998 2389 1028 2454 oi
1054 2388 1141 2455 ἀδελ·
1205 2404 1209 2411 ’
1262 2375 1267 2393 '

66 2494 124 2581 φοί
137 2484 182 2557 ὧν
200 2491 230 2558 oi
248 2493 389 2578 τρίποδες
408 2492 437 2557 oi
453 2493 561 2575 ἐφεξῆς
578 2489 706 2565 ἕστῶτίς
721 2492 795 2554 εἰσιν
808 2493 840 2555 ἓν
861 2497 905 2576 τῷ
920 2491 1142 2578 Διονυσίῳ.-

64 2596 109 2663 ln
130 2594 256 2687 Pythio
278 2609 387 2660 autem
409 2618 437 2663 a.
458 2591 577 2682 Pythii
597 2591 766 2678 Apollinis
789 2595 911 2679 templo
932 2593 1077 2685 tripodes
1099 2594 1141 2658 ab

64 2695 129 2775 iis,
164 2696 222 2783 qui
243 2695 505 2780 Thargeliorum
528 2694 610 2759 festo
632 2691 790 2760 vicissent
814 2698 901 2778 χορῷ
922 2694 1051 2779 κυκλίῳ,
1079 2716 1140 2778 po·

66 2798 150 2865 sitos
178 2820 249 2864 esse
272 2797 428 2862 docemur
455 2820 474 2861 a
497 2793 601 2862 Suida
628 2819 663 2861 v.
686 2789 825 2859 Πύθιον.
867 2793 1030 2884 Pythium
1051 2794 1141 2861 enim

64 2898 264 2985 Apollinem
294 2913 332 2963 ut
360 2898 505 2982 πκτρῷον
534 2895 754 2961 Athenienses
783 2896 972 2977 coluerunt,
1011 2910 1042 2960 et
1075 2895 1139 2961 duo

65 3000 140 3089 ejus
160 2999 197 3066 in
217 3000 331 3067 Attica
357 3001 480 3085 templa
502 3000 653 3081 fuorunt,
680 2998 823 3062 alterum
844 2996 879 3061 iu
902 3020 990 3083 pago
1010 2995 1140 3080 Oenoie',

64 3104 229 3186 alterum,
257 3101 294 3166 in
316 3125 381 3187 quo
403 3100 547 3187 tripodes
570 3099 824 3180 dedicabantur,
852 3098 888 3162 in
908 3099 990 3164 urbe
1011 3112 1043 3163 et
1064 3096 1139 3182 qui·

64 3204 144 3270 dem
176 3204 217 3269 ad
250 3202 346 3269 illam
379 3202 548 3288 tripodum
585 3200 676 3268 viam
707 3223 811 3286 prope
850 3201 1011 3286 templum
1045 3197 1140 3267 lovis

64 3304 237 3397 Olyrnpii.
289 3303 368 3371 Vid.
390 3304 525 3370 Miiller.
553 3302 590 3367 in
611 3301 728 3370 Ersch.
759 3318 791 3367 et
820 3301 923 3367 Grub.
953 3301 1137 3390 Encyclop.
1263 3312 1266 3317 '

63 3405 119 3479 Vl
138 3429 174 3493 p.
197 3404 261 3472 235
282 3430 331 3493 sq.
355 3406 445 3472 Add.
468 3405 544 3471 intr.
567 3403 607 3470 ad
630 3403 789 3495 Thucyd.
812 3402 951 3483 Vl,51,
974 3420 1005 3467 et
1027 3401 1066 3466 de
1087 3402 1138 3466 al·

62 3524 138 3577 tero
156 3502 281 3599 Pythio
297 3507 433 3572 llliiller.
453 3506 536 3572 Dor.
559 3506 576 3572 l
597 3529 630 3592 p.
649 3508 725 3574 239.
771 3504 925 3572 (laterum
947 3526 1048 3588 quum
1070 3525 1137 3569 non

62 3610 228 3695 templum
248 3610 356 3675 solum
369 3606 496 3672 Πύθιον
517 3623 708 3691 vocaretur,
736 3608 792 3674 sed
815 3607 894 3672 deus
916 3605 986 3693 ipse
1000 3601 1137 3683 Πύθιος,

14 3776 22 3787 ,
61 3734 134 3777 non
147 3726 218 3776 erat
231 3711 316 3797 quod
333 3712 396 3776 hoc
412 3711 443 3773 ἐν
460 3700 589 3773 Πυθιόυ
605 3709 690 3775 mire
708 3710 832 3775 dictum
848 3708 1017 3774 videretur
1029 3705 1137 3771 Bern·
1153 3768 1156 3773 .

61 3812 196 3902 hardyo
224 3809 368 3901 Syntax.
398 3833 431 3898 p.
456 3811 529 3879 181.
566 3808 619 3877 (ll.
640 3810 729 3876 Plat.
754 3811 856 3893 Gorg.
885 3810 911 3873 l.
942 3808 967 3873 l.
997 3795 1033 3872 οὗ
1055 3807 1137 3872 ἐστιν

63 3913 97 3979 ἔν
117 3913 246 3977 Πυθίου
275 3916 366 3978 τοῦτο
395 3913 430 3977 τὸ
462 3911 559 3978 καλὸν
587 3910 752 3995 ἀνάθημα.
795 3911 845 3974 lta
868 3909 957 3975 enim
978 3909 1027 3974 ibi
1048 3923 1136 3975 recte

61 4013 280 4098 Heindorlius
296 4015 437 4080 ecodice
450 4016 593 4101 quodam
609 4013 739 4099 scripsit
756 4034 815 4098 pro
829 4011 860 4076 ἒν
872 4016 997 4090 Ποθοΐ,
1019 4034 1136 4098 quarn·
1198 4084 1201 4089 ,

62 4140 165 4205 quam
186 4116 250 4203 ipsi
274 4115 307 4179 ἐν
326 4116 445 4203 Πυθίῳ
467 4114 586 4183 melius
608 4127 679 4181 esse
700 4114 846 4180 videtur.

31 4208 41 4219 ⁸
151 4216 188 4305 §-
202 4217 257 4286 42.
289 4215 432 4304 ἀπαρχὰς
453 4241 521 4284 non
544 4218 651 4282 solum
669 4216 825 4302 privatius
844 4216 901 4283 sed
924 4212 1056 4303 quaevis
1075 4214 1134 4280 oh·
