2632 4800
90 194 175 319 ἰιι
461 246 814 317 monarronan

59 410 62 417 ’
109 414 285 482 λινσάντων
305 415 513 505 subintelligi
533 441 628 506 posse
650 419 914 484 monensrsrvo'ir.
958 411 1024 483 Sed
1046 413 1106 499 τὴν
1126 412 1184 481 oda

109 519 181 583 olor
213 523 285 595 τῶν,
301 515 471 602 χρημάτων
499 518 556 605 qui
583 517 714 584 defendi
745 517 869 606 possit,
901 541 921 583 a
947 518 1023 586 viro
1046 517 1184 606 egregio

109 643 180 686 non
201 619 377 698 docemur,
404 618 640 705 quiquidem,
672 644 774 705 quum
796 617 857 685 illa
878 619 1056 704 scriberet,
1088 617 1185 685 codi-

62 787 67 799 ,
110 745 187 787 cum
208 718 385 792 lectionem
406 721 578 805 ignorasse
598 719 742 788 videtur.

196 821 235 908 ὁ.
259 820 312 887 13.
335 820 392 904 τὴν
420 820 551 886 ἔννοιαν.
593 818 773 888 Bekkerus
794 819 831 886 iu
853 819 944 888 Add.
966 822 992 888 l.
1017 822 1043 888 l.
1065 820 1185 888 suadet

111 921 168 1007 τὴν
188 919 344 1001 διάνοιαν,
373 922 459 1009 quod
481 921 567 988 mibi
588 944 716 1008 quoque
737 924 916 1012 perplacet.

195 1022 309 1111 514.
338 1022 396 1098 τὰς
423 1019 580 1098 διάθθκας
610 1022 736 1103 ἀνελεῖν,
784 1022 825 1091 Iu
854 1037 937 1091 orat.
966 1023 1006 1090 dc
1034 1021 1195 1090 Philoct.

110 1128 184 1201 her.
207 1124 245 1223 ᾗ.
267 1127 309 1212 31
331 1124 474 1211 legimus
500 1123 666 1189 ἀνελέσθαι
692 1123 750 1208 τὴν
778 1120 952 1208 διαθήκην,
982 1147 1184 1211 quamquam

110 1226 236 1293 ibidem
267 1228 380 1316 paullo
401 1241 497 1311 ante,
527 1226 566 1313 ὁ.
588 1228 632 1292 30
664 1226 808 1313 itemque
839 1225 877 1313 ᾗ.
899 1229 943 1292 32
964 1241 1012 1292 cst
1033 1226 1182 1293 activum

112 1326 237 1395 ἀνελεῖν.
289 1325 425 1395 Scilicet
455 1325 592 1412 ἀναιρεῖν
619 1341 668 1394 est
693 1324 795 1411 λύειν,
827 1332 956 1410 tollere,
986 1312 1184 1406 νιιιῖιιᾱενες

51 1459 55 1465 ·
101 1430 312 1513 ἀναιρεῖσθαι
341 1444 470 1512 autem,
508 1431 549 1496 de
587 1443 816 1495 contractuum
850 1443 1208 1513 testamentorumque-

113 1531 253 1614 tabulis,
288 1530 421 1620 proprie
447 1546 496 1596 est
517 1549 664 1621 repetere
694 1532 818 1614 abeo,
856 1531 941 1620 apud
963 1553 1062 1616 quem
1082 1530 1187 1618 depo·

39 1703 41 1708 ,
115 1633 358 1714 siteeluerunt,
381 1631 468 1718 quod
486 1634 757 1698 litasublaturo.
803 1629 856 1698 (ll.
872 1630 1184 1698 Boeckb.Staatsls.
1231 1688 1243 1713 κ

114 1731 162 1801 Il.
186 1759 219 1825 p.
242 1736 318 1800 376.
339 1771 383 1783 -
414 1720 512 1818 Quod
542 1750 653 1799 autem
674 1732 926 1816 magistratum,
964 1734 999 1799 b.
1023 1754 1052 1797 c.
1074 1747 1112 1797 ut
1133 1755 1189 1797 se-

1 1921 2 1924 *
116 1834 248 1922 quentia
281 1836 416 1918 docent,
449 1836 594 1921 aliquem
621 1858 665 1900 ex
693 1851 943 1924 astynomorum
965 1832 1107 1918 collegio
1130 1855 1189 1898 ar·

116 1936 199 2002 cessi
227 1936 336 2027 jubetz
370 1937 455 2025 apud
486 1937 565 2018 hos,
594 1958 690 2019 nou,
711 1951 748 2000 ut
770 1935 853 2001 alias
883 1935 957 2002 lieri
977 1933 1081 2002 moris
1102 1947 1190 2018 erat,

116 2036 203 2126 apud
231 2035 400 2125 privatum
427 2037 572 2124 aliquem
594 2034 678 2122 (vid.
701 2037 742 2101 dc
763 2036 908 2103 Philoct.
931 2038 1004 2102 her.
1028 2034 1064 2122 ᾗ.
1087 2039 1121 2100 7.
1145 2036 1191 2101 de

57 2140 66 2152 '
117 2138 264 2227 Astyph.
298 2137 363 2226 ᾗῇ.
384 2138 417 2206 5.
449 2141 482 2205 6.
507 2139 596 2221 18.),
629 2137 815 2226 depositum
846 2137 910 2203 tuit
941 2153 1190 2216 testamentum,

49 2261 52 2267 ·
117 2238 152 2303 in
175 2228 302 2327 olpiga'qt,
333 2255 370 2305 ut
390 2239 555 2322 arbitror,
585 2262 645 2304 nec
665 2239 732 2306 nisi
752 2239 816 2329 ipsi
839 2224 895 2326 qui
917 2241 1112 2327 deposuerat
1133 2262 1194 2304 re·

117 2340 240 2429 petenti
270 2341 365 2407 reddi
393 2342 499 2432 potuit
508 2343 558 2428 1).’
594 2341 680 2408 Nam
711 2341 903 2407 auctoritate
935 2323 1194 2431 astynomorunl

119 2441 307 2509 alienamve
317 2443 570 2531 magistratuum
590 2444 646 2509 vel
666 2444 706 2508 ad
729 2442 900 2508 condenda
921 2442 976 2509 vel
998 2442 1038 2507 ad
1060 2441 1193 2508 rescin-

119 2542 430 2623 dendatestamenta
446 2568 526 2634 opus
543 2543 646 2619 fuisse
667 2545 738 2611 noli
749 2543 893 2611 credere.
932 2539 991 2611 ’66
1003 2543 1076 2610 Aa.
1087 2542 1193 2612 Pron.

119 2670 152 2735 p.
174 2648 230 2713 37.
252 2645 401 2714 Platnar.
423 2644 471 2712 ll.
493 2672 527 2735 p.
550 2645 626 2714 319.

118 2760 121 2765 ‘
206 2747 378 2832 ἐξαπίνης.Ι
404 2740 486 2816 Vid.
508 2746 657 2815 Lobeck.
681 2747 721 2813 ad
744 2745 931 2837 Phrynich.
951 2772 985 2835 p.
1010 2746 1051 2813 18
1071 2770 1124 2834 sq.

204 2849 242 2936 ὁ.
265 2849 319 2915 15.
363 2850 470 2938 Δεινίᾳ
492 2828 642 2931 πολιμῶν.
686 2848 739 2914 De
768 2849 944 2914 inimicitia
966 2849 1192 2937 privatorum.

121 2947 174 3016 (ll.
193 2949 275 3040 Lys.
290 2951 325 3017 in
340 2949 470 3037 Diogit.
492 2976 527 3041 p.
547 2953 622 3020 966.
665 2949 718 3018 lta
734 2951 896 3033 πολέμιος,
918 2974 968 3017 or.
988 2950 1193 3042 deAstypb.

121 3053 194 3117 her.
220 3050 256 3138 ᾧ.
279 3054 336 3118 37.

201 3151 398 3237 Ἀρχωνίδην.
443 3152 638 3244 Suspectum
654 3178 776 3220 nomen
798 3151 930 3220 Ionesio
950 3169 999 3235 et,
1021 3151 1058 3218 ui
1076 3152 1194 3238 fallor,

122 3254 223 3322 etium
236 3252 415 3338 Bekkero,
437 3258 548 3339 nulla,
578 3272 615 3322 ut
633 3256 720 3323 mibi
738 3255 870 3342 quidem
886 3255 1039 3336 videtur,
1069 3252 1194 3321 idonea

122 3380 232 3423 cansa.
255 3354 369 3445 lpsum
386 3373 472 3422 certe
489 3381 611 3424 nomen
625 3382 692 3424 non
710 3357 911 3442 inireqnens.
935 3356 1015 3422 Vid.
1028 3354 1193 3447 Tbucyd.

121 3456 203 3542 Vll,
227 3459 259 3525 1.
278 3455 422 3526 Diodor.
437 3456 522 3544 ΧΠ,
531 3460 564 3528 8.
579 3458 679 3543 XIV,
693 3460 746 3526 16.
777 3457 928 3525 Dorvill.
945 3454 1053 3524 Sicul.
1071 3481 1106 3546 p.
1121 3458 1190 3525 401

125 3613 324 3626 ..ι-ιιι..-

158 3694 186 3761 “)
206 3694 310 3752 Obiter
326 3711 457 3766 moneo,
475 3697 554 3768 quod
571 3700 703 3752 Bouron.
722 3696 765 3752 ait
781 3698 818 3752 de
834 3695 891 3760 inr.
909 3696 977 3752 her.
995 3712 1026 3767 p.
1045 3696 1092 3764 71,
1116 3710 1195 3750 oon·

191 3777 302 3835 fectum
325 3788 357 3836 et
377 3781 568 3854 obsignatum
590 3786 803 3837 testamentum
825 3782 880 3836 uni
903 3799 920 3836 e
947 3780 1076 3836 testibus
1100 3779 1196 3850 tradi,

191 3866 272 3932 apud
289 3883 377 3936 quem
393 3868 611 3936 deponeretur,
635 3865 786 3940 hujusque
798 3883 908 3922 nomon
924 3882 946 3920 c
962 3873 1105 3925 testatore
1120 3862 1195 3921 sub·

65 3992 70 4005 ,
189 3947 283 4002 scribi
297 3951 419 4006 solitum
435 3969 508 4020 csse,
525 3957 562 4007 ut
574 3947 739 4006 verisimile
755 3949 806 4020 sit,
839 3950 879 4007 iis
897 3958 997 4006 tamen
1014 3946 1100 4018 locis,
1116 3964 1196 4018 quos

191 4030 240 4086 rir
263 4034 454 4091 doctissimus
476 4035 599 4105 attulit,
627 4038 705 4092 Isse.
730 4052 760 4104 p.
779 4037 829 4090 161
847 4041 877 4090 et
893 4034 962 4105 245,
980 4051 1039 4090 uon
1056 4031 1197 4105 probari,

191 4132 291 4256 noeque
313 4117 409 4192 magis
432 4136 488 4193 eo,
512 4126 601 4192 quem
619 4118 749 4178 Gentius
772 4117 876 4176 citavit
894 4119 933 4176 de
954 4118 1014 4190 jur.
1032 4119 1098 4174 her.
1116 4112 1143 4172 1:
1162 4134 1196 4189 p.

193 4205 210 4256 3
228 4205 255 4256 t.
