2632 4800
280 287 345 358 ou
365 285 595 377 nannetis
616 286 937 358 ιιιιιιοιιιιιι.
994 366 997 375 ,
1083 293 1151 371 ιιι,

72 486 145 527 τινα
176 456 365 526 ἱκετεύει
392 457 487 547 αὐτῷ.
532 456 675 525 cuinam
703 459 836 527 tandem
855 459 1055 551 supplicavit
1074 462 1149 555 llic·

73 563 212 630 necles‘l
248 561 425 630 Πιιιιιίιιιι9
459 562 507 627 At
527 586 604 628 cum
633 562 697 627 hac
716 573 830 650 postea
851 561 984 629 demum
1004 561 1156 633 fratrum·

71 662 216 731 hortatu
228 664 269 730 de
283 663 427 732 divortio
442 687 540 751 agere
554 661 672 754 coepit.
713 662 774 727 An
788 660 971 730 fratribus?
1000 665 1049 731 At
1069 666 1148 731 nul·
1192 698 1198 715 ·

74 765 146 831 lum
168 765 275 832 estin
296 766 377 846 his,
389 789 477 883 quoq
495 764 596 832 modo
617 776 753 829 narrata
773 777 868 846 sunt,
895 765 1147 861 supplicationis

74 866 272 955 uestigium
311 883 344 935 et
371 867 400 955 si
426 846 575 933 maixime
602 863 762 932 fratribus
774 850 1018 955 supplicasset,
1053 867 1146 953 quid,

76 990 220 1054 quaeso,
249 969 313 1055 hoc
332 968 455 1035 faceret
475 969 517 1034 ad
539 990 690 1035 amorem
710 987 789 1052 erga
809 989 952 1034 uxorem
973 966 1145 1047 declarant·

74 1069 181 1138 dum-‘l
214 1066 279 1137 Sed
304 1046 404 1158 quod
413 1094 529 1137 curam
549 1067 666 1135 uxoris
686 1091 766 1159 prae
787 1091 822 1134 se
843 1064 940 1151 tulit,
969 1068 1055 1155 quod
1077 1094 1147 1137 non

59 1169 330 1241 commissurum
361 1194 397 1238 se
419 1170 524 1254 dixit,
555 1185 593 1237 ut
618 1170 701 1235 haec
720 1170 899 1235 malorum
908 1191 1046 1236 suorum
1067 1194 1146 1266 par-

74 1271 175 1360 ticeps
197 1286 303 1356 escet,
334 1274 420 1360 quod
442 1271 594 1341 orbitatis
615 1284 647 1336 et
666 1270 842 1337 senectutis
863 1269 1032 1337 molestias
1054 1252 1145 1357 solius

71 1375 219 1489 perferre
240 1374 367 1441 voluit.
395 1375 450 1441 his
472 1375 570 1439 rebus
587 1394 730 1439 uxorem
751 1371 818 1438 sibi
830 1370 923 1438 cordi
939 1394 1010 1438 esse
1031 1350 1146 1467 nullo·

71 1497 137 1560 que
164 1473 255 1593 ejus·
268 1475 343 1542 odio
374 1499 408 1542 se
440 1476 481 1542 ad
512 1474 696 1543 divortium
730 1472 861 1563 impelli
891 1472 1144 1566 demonstravit.

69 1573 179 1642 Nemo
201 1576 312 1661 enim,
339 1578 370 1645 si
391 1601 488 1663 quem
521 1577 607 1655 odit,
638 1576 779 1641 salutem
801 1574 872 1664 ejus
894 1590 1006 1645 curate
1044 1560 1143 1655 oodric

69 1675 132 1763 γὰρ
151 1683 254 1767 μισῶν
274 1703 344 1743 τινα
365 1676 532 1766 κήδεται
553 1677 685 1743 uiroc.

157 1780 266 1844 δοῦναι
292 1775 385 1867 χάριν
416 1778 533 1865 ταύτην
561 1777 657 1865 αὐτῷ.
705 1776 756 1845 Nc
786 1776 858 1865 quis
886 1777 1121 1843 articulum
1084 1803 1143 1873 την

64 1878 161 1964 χάριν
187 1882 351 1969 requirat,
382 1883 461 1948 satis
490 1904 580 1948 uunc
612 1879 745 1968 quidem
776 1877 930 1945 omuibus
957 1893 1034 1945 nota
1070 1901 1143 1947 esso

68 1981 218 2048 arbitror
239 2007 321 2070 quae
349 2008 369 2049 a
389 1984 540 2069 Reisigio
560 1981 708 2073 Gonject.
730 2006 764 2072 p.
788 1980 852 2047 177
871 2004 942 2069 sqq.
965 1979 1142 2072 disputata,

67 2097 143 2173 post
155 2083 343 2170 Reisigium
363 2110 382 2151 a
404 2087 517 2152 multis
539 2084 690 2151 certatim
703 2082 876 2152 inculcata
898 2096 987 2159 sunt.

155 2182 173 2250 ὅ
194 2209 225 2249 τι
244 2183 330 2271 γὰρ
325 2185 386 2250 ἔκεί
384 2212 420 2269 νη
442 2192 566 2274 πεισθῇ.
597 2183 712 2273 Ῑιιιρ“
695 2211 712 2251 o
733 2209 765 2252 τι
784 2183 844 2270 γὰρ
865 2181 905 2247 dlv
925 2183 1141 2280 scribendum

66 2285 155 2369 fuit,
191 2286 221 2352 si
247 2289 540 2376 grammaticorum
569 2310 726 2354 numerus
748 2288 884 2373 valeret.
926 2283 1015 2371 Ego
1028 2301 1141 2352 tamen

67 2386 239 2455 codicibus
260 2390 398 2477 obsequi
418 2389 543 2473 malui,
569 2413 700 2456 memor
722 2412 837 2454 eorum
859 2395 941 2473 quac
963 2374 1137 2457 Matthiae.

65 2474 170 2557 liahet
191 2489 342 2559 Gramm.
331 2516 396 2580 ..p
387 2491 498 2558 ,1025
519 2514 665 2578 quaeque
686 2514 706 2555 a
728 2489 932 2555 Buttmanno
953 2487 1052 2585 diqta
1061 2506 1149 2558 sunt·

63 2592 111 2658 ad
131 2588 264 2659 Platon.
286 2592 377 2659 Men.
400 2619 433 2682 p.
456 2593 530 2660 172.
552 2593 630 2661 210.
672 2591 759 2658 Nam
780 2591 866 2678 quod
887 2589 974 2679 apud
997 2560 1138 2683 Thucy·

65 2692 182 2760 didem
204 2717 319 2760 omnes
340 2695 503 2784 patienter
522 2695 652 2772 ferunt,
675 2714 735 2758 cur
755 2690 841 2781 apud
864 2704 989 2757 ceteros
1009 2693 1139 2781 prosai-
1236 2722 1240 2727 ·

62 2817 143 2879 cos,
164 2818 194 2861 ιι
183 2794 372 2881 'quando
360 2794 550 2861 inveniatur
558 2834 572 2879 ,
598 2794 691 2860 nullo
706 2793 805 2859 modo
821 2792 997 2857 ferendum
1010 2802 1137 2882 pute'nt,

62 2918 137 2963 nou
158 2895 238 2965 satis
258 2894 433 3019 perspiciq.
478 2893 532 2963 (is.
554 2895 595 2962 de
616 2894 743 2986 Pyrrh.
764 2895 838 2960 her.
861 2893 900 2981 ᾗ.
922 2895 977 2962 00.

153 2997 192 3085 §.
214 2998 247 3065 9.
277 2996 441 3081 μετασχών
460 3002 518 3062 τοῦ
539 2998 624 3063 οιιοο
644 3001 701 3080 τῆς
726 2990 912 3079 μισθώσεως
932 3000 995 3073 τῶν
1015 2999 1137 3066 παίδων

62 3101 124 3164 τοῦ
144 3099 265 3165 Νικίου.
310 3099 401 3186 Quid
428 3098 472 3165 sit
496 3100 653 3183 μίσθωσις
674 3096 760 3163 οίκοο
783 3098 902 3185 docent
921 3096 1073 3168 Boeckh.
1095 3101 1138 3169 de

64 3222 182 3267 oecon.
204 3224 234 3267 r.
253 3225 287 3289 p.
305 3201 389 3267 Ath.
408 3199 426 3266 I
448 3227 482 3292 p.
501 3202 564 3271 157
579 3216 611 3268 et
623 3200 741 3267 Meier.
763 3198 803 3265 de
825 3180 898 3266 ord.
920 3198 991 3290 jud.
1011 3227 1045 3293 p.
1060 3204 1136 3287 295,

62 3301 108 3369 ad
136 3325 217 3388 quos
239 3302 325 3368 mihi
349 3305 453 3368 lector
476 3303 690 3389 remittendus
715 3315 774 3368 est.
818 3299 893 3367 Hoc
919 3315 1030 3397 autem
1056 3328 1136 3393 pro·

62 3416 140 3491 pter
159 3402 227 3469 loci
248 3403 355 3469 nostri
368 3403 573 3471 intellectum
592 3402 759 3495 imprimis
780 3402 888 3470 teneri
905 3403 1032 3498 velim,
1062 3406 1142 3497 elo·.

62 3502 220 3599 cat-iinon
233 3507 342 3571 solum
356 3506 474 3599 fundos
490 3529 528 3572 ao
541 3506 675 3596 praedia
688 3505 905 3595 pupillorum,
927 3504 984 3571 sed
1001 3502 1136 3579 omnem

60 3606 230 3672 bonorum
254 3599 491 3692 substantiam,
520 3607 621 3674 etiam
637 3631 809 3675 nummos.-
849 3603 980 3689 Quodsi
999 3608 1135 3694 praedia

61 3708 258 3786 elocantur,
293 3708 456 3776 Graecum
483 3709 683 3777 vocabulum
708 3711 906 3791 μισθοῦσθαι
939 3705 1056 3790 (med.)
1078 3731 1134 3774 re-

61 3808 204 3899 spondet
221 3807 342 3876 Latino
360 3812 550 3901 οοιιιίιιιινι,
573 3825 605 3878 et
623 3811 779 3894 μίσθωσις
799 3822 848 3874 est
868 3807 1032 3873 condomio
1038 3834 1052 3888 ,·
1079 3809 1134 3876 siu
1247 3838 1249 3845 ¹

61 3909 196 3976 nummi
214 3911 403 3995 elocuntur,
430 3918 629 3994 μισθοῦσθαι
658 3927 707 3978 est
724 3909 858 3997 fieerroei
884 3931 1004 3974 sumen
1026 3934 1134 3997 neque

60 4011 246 4100 quidquam
271 4013 409 4081 interest
435 4014 522 4081 inter
545 4018 746 4098 μισθοῦσθαι
773 4026 806 4076 et
826 4009 1037 4090 δανείζεσθαι,
1065 4011 1134 4080 nisi

59 4111 153 4200 quod
181 4112 267 4179 illud
294 4115 427 4204 publica
454 4116 647 4182 auctoritate
665 4137 725 4204 per
744 4112 952 4180 Archontem
972 4113 1135 4179 conflabat

59 4228 95 4281 et
116 4212 238 4304 pignus
257 4238 286 4282 s.
301 4216 485 4306 hypotheca
506 4215 691 4285 necessario
705 4214 931 4313 coustitueuda
944 4228 1027 4300 erat,
1048 4237 1133 4302 quae
