2632 4800
153 260 221 327 280
460 252 565 322 ΙΝ
585 250 867 325 ORATIONEM

62 408 72 429 Ἰ
154 425 395 518 ponendum
364 448 418 501 aro
440 438 496 491 aut
516 423 599 491 ἐστὶν
618 437 676 490 eut
696 420 821 500 ἔξεστιν.
828 423 854 465 “
895 421 1006 490 Reae
1035 386 1238 492 subintelli-

156 529 301 616 gendum
320 528 425 614 ἐστὶν,
462 550 530 595 uon
551 548 659 612 nego,
685 524 961 614 interponendum
986 547 1056 590 non
1077 524 1239 604 arbitror,

84 682 88 687 .
156 654 226 697 nou
245 628 353 717 magis
373 652 473 717 quam
492 626 778 714 insequentibus.
810 622 1130 712 μικρδςὸπλνδυνος.
1172 625 1239 695 Νί-

156 730 281 799 mirum
311 730 498 805 infinitivus
530 753 607 795 cum
634 727 745 795 dativo
777 727 904 794 haud
892 741 939 792 rto
959 751 1038 794 raro
1057 742 1240 818 usurpetur

157 833 200 900 de
220 833 341 912 rebus,
380 855 463 918 quse
484 829 586 899 alicui
613 846 791 907 eventurae
817 841 874 895 aut
899 827 1070 896 faciendae
1092 853 1164 896 esse
1184 829 1240 895 di·

20 942 27 987 .‘
158 948 296 1013 cuntur,
330 932 390 998 nbi
412 947 469 999 aut
490 933 555 997 dccl
575 945 631 998 aut
656 930 788 1017 γίγνεται
808 945 865 996 aut
885 932 935 995 δελ
952 929 1098 1021 suppleri
1117 931 1239 1022 possit·

157 1033 328 1114 Nonnulla
348 1033 448 1127 hujus
464 1033 597 1123 generis
613 1033 767 1120 exempla
781 1031 851 1100 vid.
873 1031 959 1122 apud
976 1030 1240 1128 Bernhardyum

160 1132 305 1228 Syntax.
327 1161 362 1228 p.
351 1135 449 1206 ‚358
468 1160 519 1225 sq.

52 1246 58 1257 '
243 1242 336 1304 τοῦτο
367 1236 428 1325 γὰρ
459 1240 491 1304 o‘l
516 1263 550 1308 τε
578 1233 668 1324 νόμοι
696 1236 853 1324 ἡγοῦνται.
896 1237 951 1308 Η.
973 1262 1003 1305 e.
1029 1235 1238 1327 ὑφηγοῦνται,

161 1334 359 1426 quemqnam
381 1341 477 1406 hoc
466 1365 576 1466 ipsum
597 1365 713 1466 repom
703 1341 863 1408 'malim.

246 1441 285 1529 §0
306 1443 362 1510 23.
389 1439 519 1524 ἀνεψιὸς
546 1442 589 1508 ὢν
617 1440 722 1519 αὐτοῖς
749 1443 783 1509 ἔκ
810 1442 1049 1530 πατραδέλφων.
1100 1410 1240 1509 Fratres

70 1588 72 1595 ·
161 1544 326 1639 patrueles
357 1541 480 1626 ἀνεψιοὶ
508 1543 695 1610 dicuntur'
688 1569 722 1610 εκ
748 1544 996 1632 πατραδέλφων,
1023 1545 1060 1612 h.
1084 1568 1113 1612 e.
1137 1568 1240 1635 epa-

163 1644 246 1711 truis
272 1645 443 1734 prognati,
476 1670 578 1733 quum
605 1646 828 1733 unusquisque
857 1645 984 1730 ἀνεψιὸς
1020 1661 1147 1736 patrem
1175 1646 1241 1712 lra-

105 1760 107 1765 ’
162 1748 239 1813 beat
265 1747 402 1813 ulterius
418 1762 605 1867 pappum,
645 1765 801 1839 patruum
827 1763 938 1815 autem
966 1748 1066 1859 buius
1094 1763 1241 1838 patrem,

163 1863 357 1939 patruorum
378 1848 483 1935 igitur
502 1849 647 1917 invicem
663 1850 726 1916 filii
742 1849 810 1916 sint
830 1849 962 1932 ἀνεψιοί.
977 1846 1136 1934 Quodsi
1152 1873 1242 1921 unus

164 1964 293 2018 tantum
314 1949 524 2076 designatur,
554 1952 610 2017 hic
631 1952 767 2018 alterius
794 1948 920 2033 ἀνεψιὸς
941 1950 979 2020 ἐκ,
996 1952 1242 2038 πατραδέλφοα

164 2051 287 2119 rectius
308 2076 407 2139 quam
438 2053 471 2116 ἐκ
492 2044 741 2141 πατραδέλφων
763 2053 907 2138 δίαιται,
944 2054 1000 2121 sed
1023 2054 1168 2127 invaluit
1190 2069 1243 2121 ta·

165 2178 242 2227 men
263 2154 345 2220 haec
366 2155 527 2239 formula,
558 2170 595 2222 ut
616 2154 744 2239 ἀνεψιὸς
772 2157 804 2221 ln
826 2155 1077 2241 πατραδέλφων
1098 2155 1242 2241 dicetur,
1267 2144 1270 2147 ⁵

165 2256 304 2345 pluralis
331 2256 463 2322 nrrmeri
490 2257 732 2341 significatione
762 2259 860 2347 plene
884 2257 1073 2332 obliterata.
1138 2255 1242 2325 Gens.

165 2358 343 2425 Demosth.
366 2359 442 2425 adv.
459 2357 598 2426 Macart.
621 2384 656 2449 p.
676 2359 773 2443 1661,
794 2356 817 2425 4
839 2375 871 2425 et
889 2360 945 2429 26.
967 2359 1015 2428 ib.
1038 2385 1072 2448 p.
1092 2356 1191 2444 1064,
1206 2361 1241 2426 2.

169 2475 202 2526 et
226 2461 334 2546 magis
362 2459 461 2526 etiam
488 2460 628 2527 mirifice
655 2461 740 2550 apud
772 2461 913 2528 eundem
941 2485 991 2529 or.
1014 2463 1090 2531 adv.
1112 2462 1243 2530 Leocb.
1288 2484 1290 2489 ⁴

98 2569 102 2581 “
166 2587 206 2652 p..
225 2561 320 2649 1084,
343 2563 385 2631 17
405 2576 542 2650 patruus
565 2563 686 2628 dicitur
706 2569 793 2639 θεῖος
815 2562 848 2627 ἐκ
869 2560 1115 2649 πατραδέλφων,
1137 2588 1244 2650 quum

167 2670 255 2741 θεῖος
280 2666 350 2754 ipse
382 2663 426 2731 sit
451 2661 669 2750 πατράδελφος
699 2665 782 2750 (vid.
811 2664 938 2731 Pollux
964 2664 1029 2750 Ill,
1056 2667 1134 2758 22),
1176 2665 1247 2741 nisi

166 2766 240 2852 quis
261 2768 326 2833 hoc
354 2765 401 2832 ita
422 2767 570 2856 accipere
592 2767 707 2852 malit,
742 2781 779 2832 ut
809 2766 851 2833 sit
873 2791 891 2832 e
916 2791 1041 2832 παναωο
1062 2768 1245 2851 πατραδέλ-

168 2891 247 2954 φων.
292 2864 359 2934 Sed
378 2869 559 2957 'veriorem
579 2869 691 2957 judico
712 2868 807 2935 illam
834 2869 1016 2956 rationem,
1050 2884 1087 2935 ut
1109 2870 1150 2934 'lu
1179 2895 1246 2934 πα-

169 2969 370 3057 τραδέλφων,
399 2972 534 3062 propria
563 2971 804 3058 significatione
836 2973 1010 3038 obscurata
1020 3017 1031 3056 ,
1064 2971 1155 3040 nibil
1177 2970 1248 3038 nisi

170 3069 250 3157 πρὸς
270 3071 389 3159 πατρὸς
409 3071 581 3161 designare
603 3073 768 3143 videatur.
811 3073 959 3163 Apparet
989 3088 1098 3139 antem
1120 3097 1166 3139 ex
1188 3097 1248 3141 ea·

171 3172 247 3238 dem
268 3173 413 3240 formula
443 3175 541 3244 etiam
569 3175 658 3241 infra
688 3176 759 3242 hui.
790 3199 840 3242 or.
864 3176 901 3264 §.
923 3177 967 3241 26
988 3176 1191 3261 Hagnonem
1214 3189 1250 3243 et

171 3274 408 3363 Hagnotheum
433 3275 613 3345 Nicostrati
646 3275 792 3358 ἀνεψιοδς
824 3276 858 3342 ἐκ
895 3278 1123 3362 πατραδέλφων
1164 3277 1248 3346 dici.

171 3376 258 3444 Nam
281 3402 384 3464 quum
410 3379 529 3445 fratres
558 3395 666 3446 essent
694 3405 760 3448 ιιιιο
783 3394 873 3471 patre
896 3379 1000 3465 geniti
1013 3379 1105 3465 (vid.
1130 3378 1169 3469 ξ.
1196 3375 1250 3467 1.)

173 3479 284 3545 verius
307 3503 386 3546 saue
408 3479 530 3562 ἀνεψιοὶ
551 3479 585 3547 ἔκ
606 3481 827 3566 πατραδελφαυ
849 3480 1055 3564 dicerentur,
1085 3481 1250 3571 quemad·

173 3581 308 3647 modum
330 3581 367 3647 in
388 3605 506 3669 graeca
528 3583 706 3673 hypothesi
727 3581 907 3649 Bekkerus
929 3582 1079 3670 scripsit,
1112 3607 1137 3652 e.
1153 3582 1251 3650 codi·
1300 3602 1303 3609 '

174 3683 267 3748 cibus
289 3684 504 3752 hauddubie.
548 3683 614 3755 Sed
629 3684 809 3769 singularis
831 3683 930 3772 hujus
951 3683 1107 3774 vocabuli
1127 3709 1253 3753 nume·

174 3807 231 3850 rus
260 3806 424 3872 ‘nusquam
455 3787 540 3876 apud
573 3799 721 3852 oratores
749 3786 934 3875 reperitur,
971 3810 1076 3871 neque
1104 3786 1252 3873 pluralis

144 3906 145 3910 ’
175 3886 272 3951 aliter
300 3887 367 3953 nisi
396 3887 434 3953 in
461 3889 524 3954 hac
539 3887 805 3979 'ipsaformula3
840 3902 878 3951 ut
898 3888 1056 3953 hactenus
1072 3888 1252 3965 lvere-Lo·

108 4076 110 4083 y
175 3986 314 4054 beckins
336 3986 390 4053 ed
408 3988 597 4081 Phrynich.
628 4015 660 4078 p.
681 3991 746 4055 366
767 3986 985 4075 πατρδδιλφας
1012 3988 1048 4053 in
1070 3988 1112 4055 iis
1134 3988 1252 4055 nomi·

176 4088 273 4154 nibus
295 4106 464 4170 numeret,
495 4115 577 4178 quae
598 4088 704 4171 Attici
726 4105 872 4157 oratores
900 4092 999 4178 longe
1021 4090 1163 4179 seposita
1186 4091 1252 4156 ha-

176 4184 323 4259 buerint.
367 4190 464 4277 Quod
493 4208 603 4260 antem
622 4190 812 4260 Bunsenius
835 4216 868 4282 p.
885 4193 908 4258 8
928 4212 1068 4281 eumque
1090 4201 1252 4278 sequutus

1103 4477 1112 4514 l
