2632 4800
229 284 298 359 ou,
313 251 628 356 omaaoesms
650 256 970 402 ιιιιιοιιιιι.
1070 297 1136 365 aas
1187 254 1194 265 ’
1239 389 1241 393 ¹

60 455 200 546 quidem
214 442 399 526 verisimile
416 457 464 541 fit,
495 448 611 522 ἑαυτοῦ
630 457 740 525 autin
759 463 817 524 τοῦ
836 461 1031 530 mutandum
1051 488 1134 549 esse,

59 574 102 626 ut
121 580 243 627 nomen
273 559 388 626 fratris
409 557 572 625 excidisse
593 564 770 640 statuatur,
807 577 864 628 aut
884 562 983 630 etiam
1003 564 1041 630 in
1062 564 1136 632 τοῦ-

60 682 134 745 τον,
164 676 202 728 nt
220 660 411 763 designetur
420 657 680 748 Cephisodotus,
702 661 758 748 qui
772 661 877 727 sotori
896 679 1002 732 astare
1015 681 1136 756 putan-

62 762 200 831 du'sest.
243 765 287 831 el.
311 754 392 851 9.2.
410 752 630 848 Κηφισόδοτος
649 759 768 831 οὑτοσί.
792 763 889 850 9..12
911 763 1135 852 Κηφισοδότου
1197 819 1211 847 ι

61 864 190 933 τούτου.
211 865 315 954 911.
330 863 560 930 nodosarum
578 859 707 929 τούτων.
723 862 861 932 Sorores
873 865 963 932 enim
976 891 1135 943 unacum

61 968 224 1036 iratribus
245 967 437 1034 hereditatis
459 965 616 1033 avunculi
630 966 805 1056 participes
825 966 939 1052 luisse,
968 983 1081 1061 etper
1101 970 1136 1040 se

60 1069 177 1161 ipsum
197 1083 452 1137 eonsentaneum
475 1081 539 1148 est,
568 1082 600 1133 et
620 1083 755 1157 apparet
775 1091 820 1134 ex
841 1091 879 1134 eo
888 1114 902 1148 ,
925 1069 1010 1156 quod
1033 1071 1136 1158 912

60 1170 274 1256 Menexeno,
304 1167 582 1259 Cephisophontis
602 1170 695 1252 filio,
725 1170 806 1257 §.9
828 1186 937 1236 autem
957 1170 1137 1239 Menexeui

62 1272 281 1343 sororisuam
302 1274 434 1359 utrique
454 1284 582 1360 partem
604 1270 707 1336 tribui
727 1271 911 1339 videmus.
936 1271 1027 1338 Illud
1049 1290 1137 1342 certe

37 1368 280 1444 'manifestum
307 1388 373 1459 est,
407 1373 584 1439 mulierem
609 1371 726 1452 illam,
757 1371 850 1463 cujus
878 1373 915 1460 9.
937 1375 982 1441 26
1010 1375 1137 1443 mentio
1212 1428 1216 1435 ,

62 1480 121 1562 fit,
157 1501 226 1546 uon
254 1474 398 1566 potuisse
429 1474 497 1540 nisi
524 1488 581 1540 sut
609 1471 713 1561 ipsius
740 1472 962 1562 Dicaeogenis
999 1477 1138 1545 secundi

64 1602 216 1648 sororem
234 1578 352 1663 fuisse,
385 1591 441 1644 aut
462 1574 586 1644 sororis
606 1574 723 1643 filiam.
766 1572 930 1664 Alioquin
951 1577 1040 1645 enim
1059 1574 1143 1645 nul·

64 1671 181 1749 lum
168 1704 206 1747 ιιι
233 1679 331 1770 hujus
358 1678 484 1745 bona'
473 1701 525 1769 qus
557 1677 680 1743 habere
706 1677 824 1766 potuit.
882 1676 1012 1763 Quodsi
1041 1704 1138 1748 soror

65 1780 186 1868 fuerit,
217 1781 322 1875 possit
340 1782 479 1848 fortasse
499 1778 671 1846 Democlis
691 1778 793 1846 vidua
813 1778 944 1860 videri,
976 1787 1076 1867 qoam
1097 1784 1136 1871 §.

69 1883 88 1952 9
107 1898 223 1973 orator
237 1882 397 1971 'designat
423 1880 480 1966 τὴν
501 1880 702 1965 Δημοκλέους
721 1879 886 1966 γενομένην
906 1876 1053 1966 γοναΐκα,
1084 1898 1137 1950 at·

65 2006 129 2075 que
150 1982 319 2052 existimet
339 1984 458 2071 aliquis
480 1984 518 2071 9.
534 1983 577 2049 26
598 1982 756 2072 scriptum
778 1984 820 2050 ab
841 1980 936 2050 Isaeo
956 1984 1059 2055 fuisse
1079 1979 1148 2071 τὴν
1223 1984 1228 1993 ’

62 2086 302 2172 Δικαιογὲνονς,
339 2085 528 2155 alibrariis
554 2099 663 2151 autem
669 2130 682 2164 ,
721 2084 873 2173 quinon
899 2074 1149 2175 intelligerent,

29 2184 501 2276 'secundanicaeogenem
522 2186 708 2272 designari,
730 2185 787 2253 sed
809 2187 950 2254 eundem
970 2205 1138 2278 putarent,

52 2289 125 2387 qui
137 2290 238 2357 modo
259 2290 447 2356 nominatus
461 2283 551 2372 erat,
574 2287 818 2387 Dicaeogenem
834 2290 987 2375 tertium,
1015 2315 1139 2360 nomen

40 2390 239 2485 proprium
260 2406 422 2458 mutatum
444 2414 514 2457 esse
534 2389 571 2456 in
592 2413 775 2480 pronomen
796 2391 1007 2460 reflexivum.
1050 2394 1139 2461 Mihi
1237 2446 1240 2451 .

45 2509 179 2562 lamen
198 2494 263 2559 hoe
293 2517 360 2560 non
382 2492 560 2559 admodum
587 2492 759 2581 probabile
780 2490 933 2576 videtur,
964 2517 1070 2581 neque
1089 2495 1138 2561 ita

40 2592 162 2663 :rudo
191 2592 412 2683 Dicaeogenia
450 2617 599 2660 sororem
634 2592 803 2682 designari
840 2594 985 2683 potuisse
1024 2595 1137 2680 credo,

49 2719 169 2784 quum
196 2719 264 2762 ιιοιι
285 2699 369 2763 haee
389 2718 456 2760 una
477 2707 580 2778 esset,
612 2693 669 2759 sed
691 2710 757 2761 tres
779 2708 948 2783 praeterea
969 2693 1061 2760 illius
1082 2720 1138 2763 so·

48 2816 178 2878 mores,
207 2798 381 2884 exquibus
396 2820 556 2883 quaenam
577 2811 662 2863 esset
681 2795 761 2877 illa,
791 2796 831 2860 de
852 2818 915 2880 qua
937 2796 1138 2884 loqueretur,
1247 2804 1249 2809 '

53 2900 181 2989 paullo
202 2899 357 2965 disertius
386 2899 474 2964 haud
498 2897 597 2963 dubie
619 2893 875 2984 significandum
894 2893 1023 2963 fuisset.
1067 2900 1138 2965 Te·
1209 2888 1212 2895 ¹

62 3000 219 3068 nebimus
248 3001 354 3086 igitur
383 2998 507 3067 sororis
528 2999 634 3065 filiam
655 2998 750 3064 illam
770 2997 889 3081 fuisse,
921 2997 992 3066 sive
1015 2994 1139 3089 cephi-

67 3101 267 3170 sodotum
239 3125 312 3168 sive
333 3101 437 3168 alium
458 3086 645 3190 quempiam
666 3101 804 3166 fratrem
825 3090 996 3184 habuerit3
1022 3125 1139 3188 quam·

69 3225 166 3290 quam
177 3201 436 3293 Cephisodotum
458 3203 609 3290 equidem
630 3201 826 3287 maluerim,
849 3225 994 3293 quum,
993 3217 1031 3268 ut
1052 3203 1138 3287 dixi,

69 3304 170 3372 ceteri
199 3325 353 3376 sororum
383 3301 482 3370 liberi
513 3326 583 3371 nou
615 3302 792 3370 videantur
828 3304 888 3369 sub
916 3281 1142 3392 Dicaeogenis
1244 3370 1245 3375 ,
1300 3368 1305 3375 .

68 3405 159 3473 tertii
177 3407 280 3471 tutela
307 3405 421 3472 luisse.
465 3404 556 3471 Haec
576 3405 687 3493 itaque
708 3405 848 3486 mulier,
879 3429 981 3492 quum
1001 3407 1139 3472 fratrem

32 3583 37 3589 ,
67 3504 222 3601 baberet,
250 3522 361 3574 tamen
376 3521 504 3595 partem
525 3507 717 3574 hereditatis
730 3506 854 3597 aceepit
871 3530 939 3573 non
959 3505 1137 3589 minorem,

66 3630 166 3696 quam
195 3607 317 3675 actoris
344 3623 461 3674 mater.
504 3608 611 3696 Atqui
636 3609 724 3677 siin
746 3608 864 3698 stirpes
886 3605 1064 3674 dividenda
1084 3608 1138 3672 fn·
1185 3666 1188 3673 .

65 3708 148 3791 isset
166 3709 352 3794 hereditas,
384 3709 457 3775 lieri
487 3711 702 3779 nullomodo
729 3709 854 3798 potuit,
887 3723 923 3772 ut
944 3708 1138 3774 tantundem
1228 3704 1232 3713 ’

64 3810 246 3901 acciperet,
275 3824 435 3898 quantum
456 3834 553 3878 soror
573 3810 731 3879 defuncti.
773 3809 890 3895 ltaque
910 3808 947 3874 in
966 3805 1073 3898 capita
1086 3808 1139 3874 di-

62 3911 175 3984 visam
202 3933 271 3980 esse
306 3929 446 4003 oportet.
495 3911 561 3980 Sed
591 3937 635 3980 an
664 3911 763 3991 etiam
793 3908 977 3998 superstitis
1012 3908 1138 3976 sororis

59 4014 166 4093 liberi
196 4036 263 4081 une
291 4039 366 4081 eum
394 4029 502 4082 matre
534 4014 571 4083 in
605 4027 734 4102 partem
761 4008 953 4078 hereditatis
981 4009 1137 4079 avunculi
1238 4012 1240 4017 ’

58 4113 242 4202 vonerint,
270 4114 307 4183 id
327 4116 413 4205 quod
426 4114 614 4184 Bursenius
627 4113 758 4199 statuit,
786 4125 874 4180 certo
890 4110 1051 4181 affirmari
1070 4136 1138 4178 nou
1210 4134 1215 4143 ’

895 4212 938 4282 19
1031 4246 1036 4255 ’
