<?xml version="1.0" encoding="UTF-8"?>
<!DOCTYPE html PUBLIC "-//W3C//DTD XHTML 1.0 Transitional//EN"
    "http://www.w3.org/TR/xhtml1/DTD/xhtml1-transitional.dtd">
<html xmlns="http://www.w3.org/1999/xhtml" xml:lang="en" lang="en">
 <head>
  <title>
</title>
<meta http-equiv="Content-Type" content="text/html;charset=utf-8" />
  <meta name='ocr-system' content='tesseract 3.04.00' />
  <meta name='ocr-capabilities' content='ocr_page ocr_carea ocr_par ocr_line ocrx_word'/>
</head>
<body>
  <div class='ocr_page' id='page_1' title='image "./isaeiorationesx00isaegoog_0257.png"; bbox 0 0 2632 4800; ppageno 0'>
   <div class='ocr_carea' id='block_1_1' title="bbox 55 184 965 320">
    <p class='ocr_par' dir='ltr' id='par_1_1' title="bbox 55 184 965 320">
     <span class='ocr_line' id='line_1_1' title="bbox 55 184 965 320; baseline -0.011 0"><span class='ocrx_word' id='word_1_1' title='bbox 55 204 59 215; x_wconf 75' lang='grc'><strong>’</strong></span> <span class='ocrx_word' id='word_1_2' title='bbox 179 234 248 320; x_wconf 81' lang='lat' dir='ltr'>mo</span> <span class='ocrx_word' id='word_1_3' title='bbox 323 304 327 311; x_wconf 72' lang='grc'><strong>,</strong></span> <span class='ocrx_word' id='word_1_4' title='bbox 535 243 586 311; x_wconf 81' lang='lat' dir='ltr'>ru</span> <span class='ocrx_word' id='word_1_5' title='bbox 602 184 894 311; x_wconf 69' lang='lat' dir='ltr'>tottl&#39;rlonssol</span> <span class='ocrx_word' id='word_1_6' title='bbox 960 266 965 273; x_wconf 95' lang='lat'><em>·</em></span> 
     </span>
    </p>
   </div>
   <div class='ocr_carea' id='block_1_2' title="bbox 180 409 1262 502">
    <p class='ocr_par' dir='ltr' id='par_1_2' title="bbox 180 409 1262 502">
     <span class='ocr_line' id='line_1_2' title="bbox 180 409 1262 502; baseline -0.006 -17"><span class='ocrx_word' id='word_1_7' title='bbox 180 432 249 485; x_wconf 86' lang='lat' dir='ltr'>tem</span> <span class='ocrx_word' id='word_1_8' title='bbox 270 415 410 485; x_wconf 77' lang='lat' dir='ltr'>addere:</span> <span class='ocrx_word' id='word_1_9' title='bbox 441 412 634 499; x_wconf 69' lang='lat' dir='ltr'>toytoaces&#39;t</span> <span class='ocrx_word' id='word_1_10' title='bbox 679 409 952 501; x_wconf 77' lang='lat' dir='ltr'>Iit-plerumque,</span> <span class='ocrx_word' id='word_1_11' title='bbox 972 411 1004 478; x_wconf 87' lang='lat' dir='ltr'>si</span> <span class='ocrx_word' id='word_1_12' title='bbox 1025 435 1262 502; x_wconf 53' lang='lat' dir='ltr'>nonsemper,</span> 
     </span>
    </p>
   </div>
   <div class='ocr_carea' id='block_1_3' title="bbox 72 511 1265 608">
    <p class='ocr_par' dir='ltr' id='par_1_3' title="bbox 72 511 1265 608">
     <span class='ocr_line' id='line_1_3' title="bbox 72 511 1265 608; baseline -0.005 -21"><span class='ocrx_word' id='word_1_13' title='bbox 72 590 75 595; x_wconf 67' lang='grc'>,</span> <span class='ocrx_word' id='word_1_14' title='bbox 181 517 270 608; x_wconf 85' lang='lat' dir='ltr'>apud</span> <span class='ocrx_word' id='word_1_15' title='bbox 296 516 465 606; x_wconf 75' lang='lat' dir='ltr'>pedestres</span> <span class='ocrx_word' id='word_1_16' title='bbox 497 515 632 602; x_wconf 90' lang='lat' dir='ltr'>quidem</span> <span class='ocrx_word' id='word_1_17' title='bbox 663 511 861 603; x_wconf 73' lang='lat' dir='ltr'><strong>scriptores,</strong></span> <span class='ocrx_word' id='word_1_18' title='bbox 896 513 933 579; x_wconf 88' lang='lat' dir='ltr'>in</span> <span class='ocrx_word' id='word_1_19' title='bbox 961 512 1022 579; x_wconf 89' lang='lat' dir='ltr'>tali</span> <span class='ocrx_word' id='word_1_20' title='bbox 1049 513 1265 582; x_wconf 71' lang='lat' dir='ltr'>diversorum</span> 
     </span>
    </p>
   </div>
   <div class='ocr_carea' id='block_1_4' title="bbox 138 613 1266 1714">
    <p class='ocr_par' dir='ltr' id='par_1_4' title="bbox 138 613 1266 1614">
     <span class='ocr_line' id='line_1_4' title="bbox 180 613 1262 707; baseline -0.003 -22"><span class='ocrx_word' id='word_1_21' title='bbox 180 635 368 707; x_wconf 87' lang='lat' dir='ltr'>temporum</span> <span class='ocrx_word' id='word_1_22' title='bbox 407 615 659 703; x_wconf 86' lang='lat' dir='ltr'>conjunctione,</span> <span class='ocrx_word' id='word_1_23' title='bbox 699 615 807 702; x_wconf 88' lang='lat' dir='ltr'>qualis</span> <span class='ocrx_word' id='word_1_24' title='bbox 840 627 889 681; x_wconf 87' lang='lat' dir='ltr'>est</span> <span class='ocrx_word' id='word_1_25' title='bbox 921 615 983 680; x_wconf 88' lang='lat' dir='ltr'>illa</span> <span class='ocrx_word' id='word_1_26' title='bbox 1018 614 1056 680; x_wconf 89' lang='lat' dir='ltr'>iu</span> <span class='ocrx_word' id='word_1_27' title='bbox 1071 613 1262 688; x_wconf 69' lang='lat' dir='ltr'>,Demosth</span> 
     </span>
     <span class='ocr_line' id='line_1_5' title="bbox 180 715 1264 809; baseline -0.004 -23"><span class='ocrx_word' id='word_1_28' title='bbox 180 718 355 809; x_wconf 78' lang='lat' dir='ltr'>Leptines,</span> <span class='ocrx_word' id='word_1_29' title='bbox 377 717 562 808; x_wconf 88' lang='lat' dir='ltr'>praesentis</span> <span class='ocrx_word' id='word_1_30' title='bbox 574 715 792 804; x_wconf 74' lang='lat' dir='ltr'><strong>imperativus</strong></span> <span class='ocrx_word' id='word_1_31' title='bbox 807 717 986 800; x_wconf 75' lang='lat' dir='ltr'>antecedit,</span> <span class='ocrx_word' id='word_1_32' title='bbox 1009 717 1158 803; x_wconf 85' lang='lat' dir='ltr'>sequitur</span> <span class='ocrx_word' id='word_1_33' title='bbox 1170 715 1264 784; x_wconf 89' lang='lat' dir='ltr'>aori-</span> 
     </span>
     <span class='ocr_line' id='line_1_6' title="bbox 181 816 1266 907; baseline -0.003 -20"><span class='ocrx_word' id='word_1_34' title='bbox 181 834 264 888; x_wconf 85' lang='lat' dir='ltr'>stus.</span> <span class='ocrx_word' id='word_1_35' title='bbox 308 819 396 886; x_wconf 86' lang='lat' dir='ltr'>Nam</span> <span class='ocrx_word' id='word_1_36' title='bbox 416 821 500 885; x_wconf 88' lang='lat' dir='ltr'>haec</span> <span class='ocrx_word' id='word_1_37' title='bbox 522 818 696 907; x_wconf 77' lang='lat' dir='ltr'>exemplat</span> <span class='ocrx_word' id='word_1_38' title='bbox 734 817 810 896; x_wconf 74' lang='grc' dir='ltr'>λαβὲ</span> <span class='ocrx_word' id='word_1_39' title='bbox 831 818 883 882; x_wconf 78' lang='grc' dir='ltr'>καὶ</span> <span class='ocrx_word' id='word_1_40' title='bbox 904 816 1091 905; x_wconf 60' lang='grc' dir='ltr'><em>ἄναγίνωσκρ</em></span> <span class='ocrx_word' id='word_1_41' title='bbox 1112 833 1145 884; x_wconf 87' lang='lat' dir='ltr'>et</span> <span class='ocrx_word' id='word_1_42' title='bbox 1165 816 1266 884; x_wconf 87' lang='lat' dir='ltr'>simi-</span> 
     </span>
     <span class='ocr_line' id='line_1_7' title="bbox 180 918 1265 1013; baseline -0.002 -26"><span class='ocrx_word' id='word_1_43' title='bbox 180 920 247 1004; x_wconf 86' lang='lat' dir='ltr'>lia,</span> <span class='ocrx_word' id='word_1_44' title='bbox 275 919 336 987; x_wconf 86' lang='lat' dir='ltr'>ubi</span> <span class='ocrx_word' id='word_1_45' title='bbox 361 943 432 1013; x_wconf 84' lang='lat' dir='ltr'>non</span> <span class='ocrx_word' id='word_1_46' title='bbox 455 943 529 986; x_wconf 81' lang='lat' dir='ltr'>una</span> <span class='ocrx_word' id='word_1_47' title='bbox 556 943 627 1004; x_wconf 86' lang='lat' dir='ltr'>res,</span> <span class='ocrx_word' id='word_1_48' title='bbox 660 918 718 985; x_wconf 87' lang='lat' dir='ltr'>sed</span> <span class='ocrx_word' id='word_1_49' title='bbox 739 920 825 985; x_wconf 83' lang='lat' dir='ltr'><strong>duae</strong></span> <span class='ocrx_word' id='word_1_50' title='bbox 851 919 1028 1010; x_wconf 79' lang='lat' dir='ltr'>jubentur,</span> <span class='ocrx_word' id='word_1_51' title='bbox 1050 919 1180 986; x_wconf 79' lang='lat' dir='ltr'>diversi</span> <span class='ocrx_word' id='word_1_52' title='bbox 1202 943 1265 1005; x_wconf 83' lang='lat' dir='ltr'>ge-</span> 
     </span>
     <span class='ocr_line' id='line_1_8' title="bbox 181 1016 1265 1105; baseline -0.004 -15"><span class='ocrx_word' id='word_1_53' title='bbox 181 1021 274 1090; x_wconf 89' lang='lat' dir='ltr'>neris</span> <span class='ocrx_word' id='word_1_54' title='bbox 304 1016 405 1088; x_wconf 55' lang='lat' dir='ltr'>sunt&#39;z</span> <span class='ocrx_word' id='word_1_55' title='bbox 440 1021 584 1087; x_wconf 88' lang='lat' dir='ltr'>alterum</span> <span class='ocrx_word' id='word_1_56' title='bbox 615 1019 723 1099; x_wconf 87' lang='lat' dir='ltr'>enim,</span> <span class='ocrx_word' id='word_1_57' title='bbox 761 1020 855 1105; x_wconf 69' lang='grc' dir='ltr'><strong><em>λαβέ,</em></strong></span> <span class='ocrx_word' id='word_1_58' title='bbox 895 1022 1006 1088; x_wconf 87' lang='lat' dir='ltr'>statim</span> <span class='ocrx_word' id='word_1_59' title='bbox 1034 1045 1073 1088; x_wconf 88' lang='lat' dir='ltr'>ac</span> <span class='ocrx_word' id='word_1_60' title='bbox 1108 1020 1265 1087; x_wconf 76' lang='lat' dir='ltr'>celeriter</span> 
     </span>
     <span class='ocr_line' id='line_1_9' title="bbox 179 1120 1264 1214; baseline -0.003 -26"><span class='ocrx_word' id='word_1_61' title='bbox 179 1123 424 1214; x_wconf 76' lang='lat' dir='ltr'>peragendum,</span> <span class='ocrx_word' id='word_1_62' title='bbox 446 1123 623 1206; x_wconf 75' lang='lat' dir='ltr'>alterum,</span> <span class='ocrx_word' id='word_1_63' title='bbox 636 1120 843 1206; x_wconf 70' lang='lat' dir='ltr'>ssaytvoane,</span> <span class='ocrx_word' id='word_1_64' title='bbox 875 1122 999 1209; x_wconf 82' lang='lat' dir='ltr'>aliquid</span> <span class='ocrx_word' id='word_1_65' title='bbox 1022 1121 1178 1210; x_wconf 83' lang='lat' dir='ltr'>temporis</span> <span class='ocrx_word' id='word_1_66' title='bbox 1199 1145 1264 1209; x_wconf 88' lang='lat' dir='ltr'>po·</span> 
     </span>
     <span class='ocr_line' id='line_1_10' title="bbox 181 1222 1264 1311; baseline -0.001 -20"><span class='ocrx_word' id='word_1_67' title='bbox 181 1225 293 1291; x_wconf 80' lang='lat' dir='ltr'>stulat.</span> <span class='ocrx_word' id='word_1_68' title='bbox 340 1222 468 1309; x_wconf 80' lang='lat' dir='ltr'><strong>Quodsi</strong></span> <span class='ocrx_word' id='word_1_69' title='bbox 499 1226 564 1290; x_wconf 93' lang='lat' dir='ltr'>hoc</span> <span class='ocrx_word' id='word_1_70' title='bbox 585 1246 714 1311; x_wconf 86' lang='lat' dir='ltr'>quoque</span> <span class='ocrx_word' id='word_1_71' title='bbox 743 1248 842 1310; x_wconf 89' lang='lat' dir='ltr'>quam</span> <span class='ocrx_word' id='word_1_72' title='bbox 863 1223 1036 1293; x_wconf 81' lang='lat' dir='ltr'>celerrime</span> <span class='ocrx_word' id='word_1_73' title='bbox 1057 1223 1142 1290; x_wconf 89' lang='lat' dir='ltr'>effici</span> <span class='ocrx_word' id='word_1_74' title='bbox 1162 1223 1264 1307; x_wconf 85' lang='lat' dir='ltr'>velis,</span> 
     </span>
     <span class='ocr_line' id='line_1_11' title="bbox 138 1321 1264 1412; baseline -0.002 -21"><span class='ocrx_word' id='word_1_75' title='bbox 138 1346 141 1350; x_wconf 83' lang='lat'>·</span> <span class='ocrx_word' id='word_1_76' title='bbox 181 1321 345 1412; x_wconf 69' lang='grc' dir='ltr'>ἀνάγνωθι</span> <span class='ocrx_word' id='word_1_77' title='bbox 365 1323 644 1405; x_wconf 68' lang='grc' dir='ltr'>ἆίοειιᾶιιωονίῐ;</span> <span class='ocrx_word' id='word_1_78' title='bbox 677 1348 849 1412; x_wconf 85' lang='lat' dir='ltr'>nunquam</span> <span class='ocrx_word' id='word_1_79' title='bbox 869 1349 950 1391; x_wconf 86' lang='lat' dir='ltr'>vero</span> <span class='ocrx_word' id='word_1_80' title='bbox 973 1321 1113 1408; x_wconf 64' lang='lat' dir='ltr'>septaes</span> <span class='ocrx_word' id='word_1_81' title='bbox 1134 1324 1264 1411; x_wconf 86' lang='lat' dir='ltr'>dicunt,</span> 
     </span>
     <span class='ocr_line' id='line_1_12' title="bbox 180 1423 1264 1516; baseline -0.003 -24"><span class='ocrx_word' id='word_1_82' title='bbox 180 1426 239 1513; x_wconf 84' lang='lat' dir='ltr'>qui</span> <span class='ocrx_word' id='word_1_83' title='bbox 259 1426 406 1492; x_wconf 87' lang='lat' dir='ltr'>scribam</span> <span class='ocrx_word' id='word_1_84' title='bbox 432 1425 563 1492; x_wconf 83' lang='lat' dir='ltr'>tabulas</span> <span class='ocrx_word' id='word_1_85' title='bbox 592 1426 744 1514; x_wconf 84' lang='lat' dir='ltr'>proferre</span> <span class='ocrx_word' id='word_1_86' title='bbox 770 1425 908 1516; x_wconf 85' lang='lat' dir='ltr'>jubent,</span> <span class='ocrx_word' id='word_1_87' title='bbox 936 1451 1108 1514; x_wconf 88' lang='lat' dir='ltr'>nunquam</span> <span class='ocrx_word' id='word_1_88' title='bbox 1129 1423 1264 1508; x_wconf 72' lang='grc' dir='ltr'>ἐπιλάμ-</span> 
     </span>
     <span class='ocr_line' id='line_1_13' title="bbox 180 1526 1050 1614; baseline 0 -21"><span class='ocrx_word' id='word_1_89' title='bbox 180 1535 257 1608; x_wconf 69' lang='lat' dir='ltr'>{tore</span> <span class='ocrx_word' id='word_1_90' title='bbox 277 1527 313 1593; x_wconf 82' lang='grc' dir='ltr'>τὸ</span> <span class='ocrx_word' id='word_1_91' title='bbox 333 1527 439 1611; x_wconf 76' lang='grc' dir='ltr'><em>ὕδωρ,</em></span> <span class='ocrx_word' id='word_1_92' title='bbox 466 1550 640 1614; x_wconf 85' lang='lat' dir='ltr'>nunqnam</span> <span class='ocrx_word' id='word_1_93' title='bbox 661 1526 860 1608; x_wconf 78' lang='grc' dir='ltr'><strong><em>ἀναβαίνετε,</em></strong></span> <span class='ocrx_word' id='word_1_94' title='bbox 881 1526 1050 1613; x_wconf 74' lang='grc' dir='ltr'><strong><em>μάρτυρες.</em></strong></span> 
     </span>
    </p>

    <p class='ocr_par' dir='ltr' id='par_1_5' title="bbox 190 1623 1262 1714">
     <span class='ocr_line' id='line_1_14' title="bbox 190 1623 1262 1714; baseline 0.006 -20"><span class='ocrx_word' id='word_1_95' title='bbox 190 1674 193 1679; x_wconf 87' lang='grc'>-</span> <span class='ocrx_word' id='word_1_96' title='bbox 267 1627 336 1695; x_wconf 74' lang='lat' dir='ltr'>odd&#39;</span> <span class='ocrx_word' id='word_1_97' title='bbox 370 1629 402 1705; x_wconf 75' lang='grc' dir='ltr'>ἐξ</span> <span class='ocrx_word' id='word_1_98' title='bbox 423 1624 492 1703; x_wconf 79' lang='grc' dir='ltr'>ἑνὸς</span> <span class='ocrx_word' id='word_1_99' title='bbox 520 1623 617 1692; x_wconf 75' lang='lat' dir='ltr'>c’t&#39;llou</span> <span class='ocrx_word' id='word_1_100' title='bbox 639 1629 782 1714; x_wconf 76' lang='grc' dir='ltr'>φαίνεται</span> <span class='ocrx_word' id='word_1_101' title='bbox 808 1635 950 1699; x_wconf 76' lang='grc' dir='ltr'><strong><em>τεκοῦσα.</em></strong></span> <span class='ocrx_word' id='word_1_102' title='bbox 993 1630 1116 1696; x_wconf 87' lang='lat' dir='ltr'>Miram</span> <span class='ocrx_word' id='word_1_103' title='bbox 1136 1625 1262 1700; x_wconf 58' lang='lat' dir='ltr'>hatum</span> 
     </span>
    </p>
   </div>
   <div class='ocr_carea' id='block_1_5' title="bbox 74 1728 1262 1821">
    <p class='ocr_par' dir='ltr' id='par_1_6' title="bbox 74 1728 1262 1821">
     <span class='ocr_line' id='line_1_15' title="bbox 74 1728 1262 1821; baseline -0.003 -22"><span class='ocrx_word' id='word_1_104' title='bbox 74 1816 76 1821; x_wconf 88' lang='lat'>.</span> <span class='ocrx_word' id='word_1_105' title='bbox 181 1728 1021 1820; x_wconf 74' lang='lat' dir='ltr'>verhb.explioationetnlleisltiuscomminiscitur:</span> <span class='ocrx_word' id='word_1_106' title='bbox 1037 1728 1262 1815; x_wconf 80' lang='lat' dir='ltr'>meretricem,</span> 
     </span>
    </p>
   </div>
   <div class='ocr_carea' id='block_1_6' title="bbox 119 1831 1264 2837">
    <p class='ocr_par' dir='ltr' id='par_1_7' title="bbox 119 1831 1264 2837">
     <span class='ocr_line' id='line_1_16' title="bbox 140 1831 1258 1923; baseline -0.001 -23"><span class='ocrx_word' id='word_1_107' title='bbox 140 1885 143 1891; x_wconf 79' lang='lat'>.</span> <span class='ocrx_word' id='word_1_108' title='bbox 182 1833 313 1900; x_wconf 89' lang='lat' dir='ltr'>etiamsi</span> <span class='ocrx_word' id='word_1_109' title='bbox 333 1831 458 1922; x_wconf 88' lang='lat' dir='ltr'>pariat,</span> <span class='ocrx_word' id='word_1_110' title='bbox 493 1846 604 1899; x_wconf 81' lang='lat' dir='ltr'>tamen</span> <span class='ocrx_word' id='word_1_111' title='bbox 632 1831 759 1922; x_wconf 80' lang='lat' dir='ltr'>nemini</span> <span class='ocrx_word' id='word_1_112' title='bbox 780 1857 915 1923; x_wconf 69' lang='lat' dir='ltr'>parere,</span> <span class='ocrx_word' id='word_1_113' title='bbox 945 1832 1069 1899; x_wconf 86' lang='lat' dir='ltr'>liberos</span> <span class='ocrx_word' id='word_1_114' title='bbox 1101 1855 1118 1897; x_wconf 91' lang='lat' dir='ltr'>e</span> <span class='ocrx_word' id='word_1_115' title='bbox 1145 1838 1258 1899; x_wconf 86' lang='lat' dir='ltr'>scorto</span> 
     </span>
     <span class='ocr_line' id='line_1_17' title="bbox 181 1929 1262 2022; baseline -0.005 -22"><span class='ocrx_word' id='word_1_116' title='bbox 181 1949 277 2001; x_wconf 88' lang='lat' dir='ltr'>natos</span> <span class='ocrx_word' id='word_1_117' title='bbox 305 1957 366 2022; x_wconf 90' lang='lat' dir='ltr'>pro</span> <span class='ocrx_word' id='word_1_118' title='bbox 397 1933 501 1999; x_wconf 83' lang='lat' dir='ltr'>nullis</span> <span class='ocrx_word' id='word_1_119' title='bbox 530 1933 659 2001; x_wconf 86' lang='lat' dir='ltr'>haberi.</span> <span class='ocrx_word' id='word_1_120' title='bbox 720 1932 767 2000; x_wconf 80' lang='grc' dir='ltr'>Οὐ</span> <span class='ocrx_word' id='word_1_121' title='bbox 797 1936 906 2014; x_wconf 75' lang='grc' dir='ltr'><strong><em>τίκτει,</em></strong></span> <span class='ocrx_word' id='word_1_122' title='bbox 938 1933 1031 2001; x_wconf 90' lang='lat' dir='ltr'>addit</span> <span class='ocrx_word' id='word_1_123' title='bbox 1059 1956 1200 2020; x_wconf 82' lang='lat' dir='ltr'>graece,</span> <span class='ocrx_word' id='word_1_124' title='bbox 1241 1929 1262 2018; x_wconf 76' lang='grc' dir='ltr'><strong><em>ἡ</em></strong></span> 
     </span>
     <span class='ocr_line' id='line_1_18' title="bbox 182 2031 1264 2122; baseline 0.001 -22"><span class='ocrx_word' id='word_1_125' title='bbox 182 2031 311 2120; x_wconf 74' lang='grc' dir='ltr'><em>ἑταίρα,</em></span> <span class='ocrx_word' id='word_1_126' title='bbox 340 2033 417 2100; x_wconf 80' lang='grc' dir='ltr'><strong><em>ἀλλὰ</em></strong></span> <span class='ocrx_word' id='word_1_127' title='bbox 438 2032 520 2118; x_wconf 80' lang='grc' dir='ltr'>μόνη</span> <span class='ocrx_word' id='word_1_128' title='bbox 541 2031 561 2118; x_wconf 77' lang='grc' dir='ltr'>ἡ</span> <span class='ocrx_word' id='word_1_129' title='bbox 582 2031 718 2120; x_wconf 68' lang='lat' dir='ltr'>peperci.</span> <span class='ocrx_word' id='word_1_130' title='bbox 754 2035 910 2103; x_wconf 84' lang='lat' dir='ltr'>Rectiora</span> <span class='ocrx_word' id='word_1_131' title='bbox 930 2036 987 2103; x_wconf 86' lang='lat' dir='ltr'>vel</span> <span class='ocrx_word' id='word_1_132' title='bbox 1009 2059 1027 2100; x_wconf 90' lang='lat' dir='ltr'>e</span> <span class='ocrx_word' id='word_1_133' title='bbox 1049 2034 1088 2122; x_wconf 52' lang='grc' dir='ltr'>ᾖ.</span> <span class='ocrx_word' id='word_1_134' title='bbox 1110 2035 1155 2100; x_wconf 83' lang='grc'>36</span> <span class='ocrx_word' id='word_1_135' title='bbox 1176 2033 1264 2101; x_wconf 86' lang='lat' dir='ltr'>disci</span> 
     </span>
     <span class='ocr_line' id='line_1_19' title="bbox 119 2130 1264 2227; baseline -0.003 -24"><span class='ocrx_word' id='word_1_136' title='bbox 119 2176 120 2181; x_wconf 19' lang='grc' dir='ltr'><strong><em>κ</em></strong></span> <span class='ocrx_word' id='word_1_137' title='bbox 180 2134 339 2227; x_wconf 83' lang='lat' dir='ltr'>possunt:</span> <span class='ocrx_word' id='word_1_138' title='bbox 378 2137 467 2212; x_wconf 72' lang='grc' dir='ltr'><strong><em>εἰδὼς</em></strong></span> <span class='ocrx_word' id='word_1_139' title='bbox 491 2138 557 2203; x_wconf 78' lang='grc' dir='ltr'>τὸν,</span> <span class='ocrx_word' id='word_1_140' title='bbox 577 2135 700 2202; x_wconf 79' lang='grc' dir='ltr'><strong><em>ἅπαντα·</em></strong></span> <span class='ocrx_word' id='word_1_141' title='bbox 730 2136 845 2222; x_wconf 77' lang='grc' dir='ltr'><strong><em>χρόνον</em></strong></span> <span class='ocrx_word' id='word_1_142' title='bbox 876 2136 989 2203; x_wconf 80' lang='grc' dir='ltr'><strong><em>ἄτοκον</em></strong></span> <span class='ocrx_word' id='word_1_143' title='bbox 1020 2130 1117 2201; x_wconf 74' lang='grc' dir='ltr'><strong><em>οὖσαν</em></strong></span> <span class='ocrx_word' id='word_1_144' title='bbox 1150 2132 1264 2220; x_wconf 76' lang='grc' dir='ltr'><em>αὐτήν,</em></span> 
     </span>
     <span class='ocr_line' id='line_1_20' title="bbox 180 2234 1262 2327; baseline 0.001 -23"><span class='ocrx_word' id='word_1_145' title='bbox 180 2239 236 2305; x_wconf 91' lang='lat' dir='ltr'>cui</span> <span class='ocrx_word' id='word_1_146' title='bbox 256 2240 330 2304; x_wconf 91' lang='lat' dir='ltr'>loco</span> <span class='ocrx_word' id='word_1_147' title='bbox 344 2237 564 2306; x_wconf 83' lang='lat' dir='ltr'>Reiskianam</span> <span class='ocrx_word' id='word_1_148' title='bbox 583 2239 682 2306; x_wconf 89' lang='lat' dir='ltr'>istam</span> <span class='ocrx_word' id='word_1_149' title='bbox 703 2234 867 2327; x_wconf 80' lang='lat' dir='ltr'>rationem</span> <span class='ocrx_word' id='word_1_150' title='bbox 888 2237 1039 2306; x_wconf 81' lang='lat' dir='ltr'>adhiberi</span> <span class='ocrx_word' id='word_1_151' title='bbox 1060 2261 1128 2304; x_wconf 88' lang='lat' dir='ltr'>non</span> <span class='ocrx_word' id='word_1_152' title='bbox 1149 2261 1262 2326; x_wconf 85' lang='lat' dir='ltr'>possa,</span> 
     </span>
     <span class='ocr_line' id='line_1_21' title="bbox 181 2335 1261 2430; baseline 0.003 -24"><span class='ocrx_word' id='word_1_153' title='bbox 181 2339 292 2407; x_wconf 86' lang='lat' dir='ltr'>omnis</span> <span class='ocrx_word' id='word_1_154' title='bbox 312 2339 378 2412; x_wconf 64' lang='lat' dir='ltr'>„illa</span> <span class='ocrx_word' id='word_1_155' title='bbox 408 2340 667 2428; x_wconf 81' lang='lat' dir='ltr'>argumentatio,</span> <span class='ocrx_word' id='word_1_156' title='bbox 695 2365 760 2430; x_wconf 86' lang='lat' dir='ltr'>qua</span> <span class='ocrx_word' id='word_1_157' title='bbox 781 2342 832 2408; x_wconf 90' lang='lat' dir='ltr'>ihi</span> <span class='ocrx_word' id='word_1_158' title='bbox 859 2335 972 2408; x_wconf 89' lang='lat' dir='ltr'>orator</span> <span class='ocrx_word' id='word_1_159' title='bbox 993 2339 1118 2423; x_wconf 87' lang='lat' dir='ltr'>utitur,</span> <span class='ocrx_word' id='word_1_160' title='bbox 1148 2340 1261 2410; x_wconf 84' lang='lat' dir='ltr'>mani·</span> 
     </span>
     <span class='ocr_line' id='line_1_22' title="bbox 180 2439 1262 2530; baseline -0.003 -21"><span class='ocrx_word' id='word_1_161' title='bbox 180 2443 264 2509; x_wconf 86' lang='lat' dir='ltr'>festo</span> <span class='ocrx_word' id='word_1_162' title='bbox 291 2443 508 2509; x_wconf 87' lang='lat' dir='ltr'>demonstrat.</span> <span class='ocrx_word' id='word_1_163' title='bbox 530 2480 574 2498; x_wconf 54' lang='grc' dir='ltr'>ψ·</span> <span class='ocrx_word' id='word_1_164' title='bbox 591 2439 661 2509; x_wconf 84' lang='lat' dir='ltr'>¹Sed</span> <span class='ocrx_word' id='word_1_165' title='bbox 684 2467 841 2530; x_wconf 87' lang='lat' dir='ltr'>quorsum</span> <span class='ocrx_word' id='word_1_166' title='bbox 869 2443 953 2510; x_wconf 86' lang='lat' dir='ltr'>illud</span> <span class='ocrx_word' id='word_1_167' title='bbox 976 2457 1090 2508; x_wconf 87' lang='lat' dir='ltr'>nostro</span> <span class='ocrx_word' id='word_1_168' title='bbox 1111 2443 1184 2509; x_wconf 92' lang='lat' dir='ltr'>loco</span> <span class='ocrx_word' id='word_1_169' title='bbox 1207 2440 1262 2507; x_wconf 87' lang='lat' dir='ltr'>di-</span> 
     </span>
     <span class='ocr_line' id='line_1_23' title="bbox 181 2543 1262 2633; baseline -0.001 -23"><span class='ocrx_word' id='word_1_170' title='bbox 181 2560 270 2610; x_wconf 88' lang='lat' dir='ltr'>ctum</span> <span class='ocrx_word' id='word_1_171' title='bbox 292 2546 374 2612; x_wconf 76' lang='lat' dir='ltr'>estl&#39;</span> <span class='ocrx_word' id='word_1_172' title='bbox 388 2545 677 2633; x_wconf 88' lang='lat' dir='ltr'>Proptereahaud</span> <span class='ocrx_word' id='word_1_173' title='bbox 700 2545 819 2631; x_wconf 86' lang='lat' dir='ltr'>dubie,</span> <span class='ocrx_word' id='word_1_174' title='bbox 847 2561 884 2611; x_wconf 88' lang='lat' dir='ltr'>ut</span> <span class='ocrx_word' id='word_1_175' title='bbox 904 2543 1128 2631; x_wconf 80' lang='lat' dir='ltr'>suspicionem</span> <span class='ocrx_word' id='word_1_176' title='bbox 1149 2543 1262 2629; x_wconf 76' lang='lat' dir='ltr'>obiter</span> 
     </span>
     <span class='ocr_line' id='line_1_24' title="bbox 179 2642 1259 2734; baseline 0.002 -24"><span class='ocrx_word' id='word_1_177' title='bbox 179 2644 326 2734; x_wconf 85' lang='lat' dir='ltr'>injiciat,</span> <span class='ocrx_word' id='word_1_178' title='bbox 358 2658 432 2712; x_wconf 90' lang='lat' dir='ltr'>&#39;non</span> <span class='ocrx_word' id='word_1_179' title='bbox 459 2647 558 2712; x_wconf 89' lang='lat' dir='ltr'>modo</span> <span class='ocrx_word' id='word_1_180' title='bbox 586 2642 791 2732; x_wconf 82' lang='lat' dir='ltr'>legitimam,</span> <span class='ocrx_word' id='word_1_181' title='bbox 827 2648 884 2714; x_wconf 91' lang='lat' dir='ltr'>sed</span> <span class='ocrx_word' id='word_1_182' title='bbox 914 2671 955 2711; x_wconf 87' lang='lat' dir='ltr'>ne</span> <span class='ocrx_word' id='word_1_183' title='bbox 985 2647 1091 2712; x_wconf 90' lang='lat' dir='ltr'>filiam</span> <span class='ocrx_word' id='word_1_184' title='bbox 1121 2645 1259 2730; x_wconf 87' lang='lat' dir='ltr'>quidem</span> 
     </span>
     <span class='ocr_line' id='line_1_25' title="bbox 137 2745 1260 2837; baseline -0.001 -23"><span class='ocrx_word' id='word_1_185' title='bbox 137 2754 143 2768; x_wconf 79' lang='lat'>¹</span> <span class='ocrx_word' id='word_1_186' title='bbox 179 2745 308 2837; x_wconf 85' lang='lat' dir='ltr'>Pyrrhi</span> <span class='ocrx_word' id='word_1_187' title='bbox 335 2747 459 2813; x_wconf 84' lang='lat' dir='ltr'>Philon</span> <span class='ocrx_word' id='word_1_188' title='bbox 491 2772 579 2831; x_wconf 88' lang='lat' dir='ltr'>esse,</span> <span class='ocrx_word' id='word_1_189' title='bbox 617 2749 821 2837; x_wconf 72' lang='lat' dir='ltr'>suppositam</span> <span class='ocrx_word' id='word_1_190' title='bbox 850 2772 870 2814; x_wconf 87' lang='lat' dir='ltr'>a</span> <span class='ocrx_word' id='word_1_191' title='bbox 897 2764 1001 2814; x_wconf 90' lang='lat' dir='ltr'>matre</span> <span class='ocrx_word' id='word_1_192' title='bbox 1029 2746 1153 2830; x_wconf 89' lang='lat' dir='ltr'>sterili,</span> <span class='ocrx_word' id='word_1_193' title='bbox 1192 2771 1260 2832; x_wconf 86' lang='lat' dir='ltr'>quo</span> 
     </span>
    </p>
   </div>
   <div class='ocr_carea' id='block_1_7' title="bbox 96 2847 1260 2923">
    <p class='ocr_par' dir='ltr' id='par_1_8' title="bbox 96 2847 1260 2923">
     <span class='ocr_line' id='line_1_26' title="bbox 96 2847 1260 2923; baseline 0.002 -9"><span class='ocrx_word' id='word_1_194' title='bbox 96 2914 100 2923; x_wconf 81' lang='grc'><strong>,</strong></span> <span class='ocrx_word' id='word_1_195' title='bbox 179 2848 385 2914; x_wconf 86' lang='lat' dir='ltr'>firmioribus</span> <span class='ocrx_word' id='word_1_196' title='bbox 404 2847 547 2917; x_wconf 86' lang='lat' dir='ltr'>vinculis</span> <span class='ocrx_word' id='word_1_197' title='bbox 568 2848 666 2916; x_wconf 87' lang='lat' dir='ltr'>illum</span> <span class='ocrx_word' id='word_1_198' title='bbox 687 2850 753 2916; x_wconf 88' lang='lat' dir='ltr'>sibi·</span> <span class='ocrx_word' id='word_1_199' title='bbox 772 2850 966 2917; x_wconf 80' lang='lat' dir='ltr'>devinciret.</span> <span class='ocrx_word' id='word_1_200' title='bbox 1009 2849 1137 2916; x_wconf 87' lang='lat' dir='ltr'>Eodem</span> <span class='ocrx_word' id='word_1_201' title='bbox 1158 2848 1260 2917; x_wconf 85' lang='lat' dir='ltr'>etiam</span> 
     </span>
    </p>
   </div>
   <div class='ocr_carea' id='block_1_8' title="bbox 123 2947 1261 3645">
    <p class='ocr_par' dir='ltr' id='par_1_9' title="bbox 123 2947 1261 3645">
     <span class='ocr_line' id='line_1_27' title="bbox 123 2947 1258 3039; baseline -0.002 -23"><span class='ocrx_word' id='word_1_202' title='bbox 123 3002 125 3007; x_wconf 85' lang='lat'>.</span> <span class='ocrx_word' id='word_1_203' title='bbox 179 2949 265 3016; x_wconf 89' lang='lat' dir='ltr'>illud</span> <span class='ocrx_word' id='word_1_204' title='bbox 296 2951 437 3039; x_wconf 89' lang='lat' dir='ltr'>pertinet</span> <span class='ocrx_word' id='word_1_205' title='bbox 468 2951 505 3037; x_wconf 63' lang='grc' dir='ltr'>ξ.</span> <span class='ocrx_word' id='word_1_206' title='bbox 536 2954 596 3018; x_wconf 78' lang='grc' dir='ltr'>3οε</span> <span class='ocrx_word' id='word_1_207' title='bbox 637 2957 693 3035; x_wconf 79' lang='grc' dir='ltr'>τῆς</span> <span class='ocrx_word' id='word_1_208' title='bbox 719 2951 880 3037; x_wconf 74' lang='grc' dir='ltr'><strong><em>θυγατρὸς</em></strong></span> <span class='ocrx_word' id='word_1_209' title='bbox 906 2950 1143 3037; x_wconf 76' lang='grc' dir='ltr'>ἀποφανθείσης</span> <span class='ocrx_word' id='word_1_210' title='bbox 1171 2947 1258 3014; x_wconf 69' lang='grc' dir='ltr'><strong><em>εἶναι.</em></strong></span> 
     </span>
     <span class='ocr_line' id='line_1_28' title="bbox 179 3049 1260 3139; baseline -0.001 -20"><span class='ocrx_word' id='word_1_211' title='bbox 179 3049 222 3119; x_wconf 80' lang='lat' dir='ltr'>Et</span> <span class='ocrx_word' id='word_1_212' title='bbox 249 3075 485 3139; x_wconf 86' lang='lat' dir='ltr'>saepenumero</span> <span class='ocrx_word' id='word_1_213' title='bbox 520 3053 642 3118; x_wconf 90' lang='lat' dir='ltr'>talibus</span> <span class='ocrx_word' id='word_1_214' title='bbox 675 3053 824 3120; x_wconf 88' lang='lat' dir='ltr'>artificiis</span> <span class='ocrx_word' id='word_1_215' title='bbox 853 3055 1043 3121; x_wconf 85' lang='lat' dir='ltr'>meretrices</span> <span class='ocrx_word' id='word_1_216' title='bbox 1076 3075 1153 3118; x_wconf 89' lang='lat' dir='ltr'>usas</span> <span class='ocrx_word' id='word_1_217' title='bbox 1188 3074 1260 3118; x_wconf 86' lang='lat' dir='ltr'>esse</span> 
     </span>
     <span class='ocr_line' id='line_1_29' title="bbox 179 3143 1258 3222; baseline -0.001 -2"><span class='ocrx_word' id='word_1_218' title='bbox 179 3152 236 3220; x_wconf 84' lang='lat' dir='ltr'>vel</span> <span class='ocrx_word' id='word_1_219' title='bbox 265 3143 460 3220; x_wconf 86' lang='lat' dir='ltr'>ePlautina</span> <span class='ocrx_word' id='word_1_220' title='bbox 487 3155 695 3222; x_wconf 87' lang='lat' dir='ltr'>Truculento</span> <span class='ocrx_word' id='word_1_221' title='bbox 727 3157 894 3222; x_wconf 89' lang='lat' dir='ltr'>novimus.</span> <span class='ocrx_word' id='word_1_222' title='bbox 939 3155 1019 3221; x_wconf 84' lang='lat' dir='ltr'>vid.</span> <span class='ocrx_word' id='word_1_223' title='bbox 1053 3169 1115 3220; x_wconf 89' lang='lat' dir='ltr'>act.</span> <span class='ocrx_word' id='word_1_224' title='bbox 1138 3151 1188 3221; x_wconf 89' lang='lat' dir='ltr'>ll.</span> <span class='ocrx_word' id='word_1_225' title='bbox 1210 3177 1258 3220; x_wconf 89' lang='lat' dir='ltr'>sc.</span> 
     </span>
     <span class='ocr_line' id='line_1_30' title="bbox 179 3251 1260 3346; baseline 0.001 -26"><span class='ocrx_word' id='word_1_226' title='bbox 179 3251 212 3320; x_wconf 82' lang='lat'>4.</span> <span class='ocrx_word' id='word_1_227' title='bbox 233 3278 268 3321; x_wconf 82' lang='lat' dir='ltr'>v.</span> <span class='ocrx_word' id='word_1_228' title='bbox 291 3254 334 3320; x_wconf 87' lang='grc'>35</span> <span class='ocrx_word' id='word_1_229' title='bbox 356 3279 427 3342; x_wconf 88' lang='lat' dir='ltr'>sqq.</span> <span class='ocrx_word' id='word_1_230' title='bbox 471 3253 538 3327; x_wconf 81' lang='lat' dir='ltr'>Sed</span> <span class='ocrx_word' id='word_1_231' title='bbox 556 3257 663 3324; x_wconf 90' lang='lat' dir='ltr'>obiter</span> <span class='ocrx_word' id='word_1_232' title='bbox 681 3270 809 3323; x_wconf 83' lang='lat' dir='ltr'>tantum</span> <span class='ocrx_word' id='word_1_233' title='bbox 830 3260 918 3324; x_wconf 88' lang='lat' dir='ltr'>hano</span> <span class='ocrx_word' id='word_1_234' title='bbox 939 3256 1159 3346; x_wconf 89' lang='lat' dir='ltr'>suspicionem</span> <span class='ocrx_word' id='word_1_235' title='bbox 1182 3278 1260 3321; x_wconf 87' lang='lat' dir='ltr'>ora·</span> 
     </span>
     <span class='ocr_line' id='line_1_31' title="bbox 180 3354 1260 3450; baseline 0.001 -29"><span class='ocrx_word' id='word_1_236' title='bbox 180 3368 233 3421; x_wconf 87' lang='lat' dir='ltr'>tor</span> <span class='ocrx_word' id='word_1_237' title='bbox 253 3354 362 3446; x_wconf 77' lang='lat' dir='ltr'>injicit</span> <span class='ocrx_word' id='word_1_238' title='bbox 376 3368 567 3446; x_wconf 86' lang='lat' dir='ltr'>propterea,</span> <span class='ocrx_word' id='word_1_239' title='bbox 599 3358 685 3446; x_wconf 85' lang='lat' dir='ltr'>qnod</span> <span class='ocrx_word' id='word_1_240' title='bbox 703 3383 774 3442; x_wconf 87' lang='lat' dir='ltr'>rem</span> <span class='ocrx_word' id='word_1_241' title='bbox 795 3361 937 3450; x_wconf 88' lang='lat' dir='ltr'>probare</span> <span class='ocrx_word' id='word_1_242' title='bbox 959 3359 1057 3424; x_wconf 88' lang='lat' dir='ltr'>certis</span> <span class='ocrx_word' id='word_1_243' title='bbox 1079 3380 1260 3443; x_wconf 88' lang='lat' dir='ltr'>argumen-</span> 
     </span>
     <span class='ocr_line' id='line_1_32' title="bbox 157 3457 1261 3552; baseline 0.001 -30"><span class='ocrx_word' id='word_1_244' title='bbox 157 3457 224 3522; x_wconf 82' lang='lat' dir='ltr'>tis</span> <span class='ocrx_word' id='word_1_245' title='bbox 257 3479 324 3522; x_wconf 90' lang='lat' dir='ltr'>non</span> <span class='ocrx_word' id='word_1_246' title='bbox 357 3472 504 3546; x_wconf 87' lang='lat' dir='ltr'>poterat,</span> <span class='ocrx_word' id='word_1_247' title='bbox 544 3475 576 3525; x_wconf 88' lang='lat' dir='ltr'>et</span> <span class='ocrx_word' id='word_1_248' title='bbox 605 3461 760 3551; x_wconf 88' lang='lat' dir='ltr'>Pyrrhus</span> <span class='ocrx_word' id='word_1_249' title='bbox 794 3463 866 3552; x_wconf 90' lang='lat' dir='ltr'>ipse</span> <span class='ocrx_word' id='word_1_250' title='bbox 900 3458 1024 3528; x_wconf 84' lang='lat' dir='ltr'>Philon</span> <span class='ocrx_word' id='word_1_251' title='bbox 1058 3483 1155 3524; x_wconf 86' lang='lat' dir='ltr'>suam</span> <span class='ocrx_word' id='word_1_252' title='bbox 1189 3481 1261 3525; x_wconf 86' lang='lat' dir='ltr'>esse</span> 
     </span>
     <span class='ocr_line' id='line_1_33' title="bbox 181 3575 374 3645; baseline 0.005 -22"><span class='ocrx_word' id='word_1_253' title='bbox 181 3575 374 3645; x_wconf 83' lang='lat' dir='ltr'>agnoverat.</span> 
     </span>
    </p>
   </div>
   <div class='ocr_carea' id='block_1_9' title="bbox 265 3659 1259 3749">
    <p class='ocr_par' dir='ltr' id='par_1_10' title="bbox 265 3659 1259 3749">
     <span class='ocr_line' id='line_1_34' title="bbox 265 3659 1259 3749; baseline 0.003 -25"><span class='ocrx_word' id='word_1_254' title='bbox 265 3665 300 3739; x_wconf 58' lang='grc' dir='ltr'>θ.</span> <span class='ocrx_word' id='word_1_255' title='bbox 324 3660 377 3725; x_wconf 83' lang='lat'>17.</span> <span class='ocrx_word' id='word_1_256' title='bbox 417 3659 450 3726; x_wconf 76' lang='grc' dir='ltr'>ἔκ</span> <span class='ocrx_word' id='word_1_257' title='bbox 476 3666 538 3741; x_wconf 78' lang='grc' dir='ltr'>,τῶν</span> <span class='ocrx_word' id='word_1_258' title='bbox 563 3668 745 3749; x_wconf 76' lang='grc' dir='ltr'><strong><em>μαρτυριῶν</em></strong></span> <span class='ocrx_word' id='word_1_259' title='bbox 776 3669 839 3730; x_wconf 81' lang='grc' dir='ltr'>τῶν</span> <span class='ocrx_word' id='word_1_260' title='bbox 868 3662 991 3738; x_wconf 73' lang='grc' dir='ltr'><strong><em>τούτοις</em></strong></span> <span class='ocrx_word' id='word_1_261' title='bbox 1017 3662 1259 3749; x_wconf 73' lang='grc' dir='ltr'>μεμαρτυρημέ-</span> 
     </span>
    </p>
   </div>
   <div class='ocr_carea' id='block_1_10' title="bbox 71 3758 1258 3855">
    <p class='ocr_par' dir='ltr' id='par_1_11' title="bbox 71 3758 1258 3855">
     <span class='ocr_line' id='line_1_35' title="bbox 71 3758 1258 3855; baseline 0.003 -30"><span class='ocrx_word' id='word_1_262' title='bbox 71 3798 74 3803; x_wconf 89' lang='lat'>-</span> <span class='ocrx_word' id='word_1_263' title='bbox 170 3785 241 3826; x_wconf 73' lang='grc' dir='ltr'>-νων</span> <span class='ocrx_word' id='word_1_264' title='bbox 262 3761 299 3827; x_wconf 82' lang='grc' dir='ltr'>Ιι.</span> <span class='ocrx_word' id='word_1_265' title='bbox 332 3768 362 3827; x_wconf 75' lang='lat' dir='ltr'>e.</span> <span class='ocrx_word' id='word_1_266' title='bbox 384 3758 530 3829; x_wconf 90' lang='lat' dir='ltr'>Xenocli</span> <span class='ocrx_word' id='word_1_267' title='bbox 559 3780 592 3830; x_wconf 86' lang='lat' dir='ltr'>et</span> <span class='ocrx_word' id='word_1_268' title='bbox 613 3767 833 3832; x_wconf 88' lang='lat' dir='ltr'>consortibus.</span> <span class='ocrx_word' id='word_1_269' title='bbox 888 3765 942 3831; x_wconf 85' lang='lat' dir='ltr'>Ex</span> <span class='ocrx_word' id='word_1_270' title='bbox 964 3766 1035 3855; x_wconf 88' lang='lat' dir='ltr'>ipsa</span> <span class='ocrx_word' id='word_1_271' title='bbox 1056 3766 1187 3831; x_wconf 87' lang='lat' dir='ltr'>ratione</span> <span class='ocrx_word' id='word_1_272' title='bbox 1210 3781 1258 3829; x_wconf 88' lang='lat' dir='ltr'>te-</span> 
     </span>
    </p>
   </div>
   <div class='ocr_carea' id='block_1_11' title="bbox 164 3862 1259 4056">
    <p class='ocr_par' dir='ltr' id='par_1_12' title="bbox 164 3862 1259 4056">
     <span class='ocr_line' id='line_1_36' title="bbox 164 3862 1259 3967; baseline 0.002 -38"><span class='ocrx_word' id='word_1_273' title='bbox 164 3862 432 3949; x_wconf 81' lang='lat' dir='ltr'>stimoniorum,</span> <span class='ocrx_word' id='word_1_274' title='bbox 464 3864 583 3951; x_wconf 82' lang='lat' dir='ltr'>quibus</span> <span class='ocrx_word' id='word_1_275' title='bbox 606 3866 643 3931; x_wconf 92' lang='lat' dir='ltr'>hi</span> <span class='ocrx_word' id='word_1_276' title='bbox 674 3865 710 3931; x_wconf 92' lang='lat' dir='ltr'>in</span> <span class='ocrx_word' id='word_1_277' title='bbox 731 3867 844 3955; x_wconf 87' lang='lat' dir='ltr'>priore</span> <span class='ocrx_word' id='word_1_278' title='bbox 866 3869 1148 3967; x_wconf 61' lang='grc' dir='ltr'><strong><em>ψευδομαρτυριῶν</em></strong></span> <span class='ocrx_word' id='word_1_279' title='bbox 1168 3865 1259 3957; x_wconf 81' lang='lat' dir='ltr'>judi·</span> 
     </span>
     <span class='ocr_line' id='line_1_37' title="bbox 179 3963 1258 4056; baseline 0.004 -26"><span class='ocrx_word' id='word_1_280' title='bbox 179 3963 233 4030; x_wconf 84' lang='lat' dir='ltr'>cio</span> <span class='ocrx_word' id='word_1_281' title='bbox 262 3963 316 4030; x_wconf 87' lang='lat' dir='ltr'>usi</span> <span class='ocrx_word' id='word_1_282' title='bbox 337 3979 451 4048; x_wconf 90' lang='lat' dir='ltr'>erant,</span> <span class='ocrx_word' id='word_1_283' title='bbox 483 3968 595 4033; x_wconf 88' lang='lat' dir='ltr'>fictam</span> <span class='ocrx_word' id='word_1_284' title='bbox 615 3991 688 4033; x_wconf 90' lang='lat' dir='ltr'>rem</span> <span class='ocrx_word' id='word_1_285' title='bbox 709 3969 911 4035; x_wconf 86' lang='lat' dir='ltr'>demonstrat</span> <span class='ocrx_word' id='word_1_286' title='bbox 932 3993 1021 4052; x_wconf 89' lang='lat' dir='ltr'>esse,</span> <span class='ocrx_word' id='word_1_287' title='bbox 1058 3993 1158 4056; x_wconf 88' lang='lat' dir='ltr'>quam</span> <span class='ocrx_word' id='word_1_288' title='bbox 1179 3967 1258 4035; x_wconf 85' lang='lat' dir='ltr'>tali·</span> 
     </span>
    </p>
   </div>
   <div class='ocr_carea' id='block_1_12' title="bbox 112 4064 1258 4232">
    <p class='ocr_par' dir='ltr' id='par_1_13' title="bbox 112 4064 1258 4232">
     <span class='ocr_line' id='line_1_38' title="bbox 112 4064 1258 4181; baseline -0.003 -43"><span class='ocrx_word' id='word_1_289' title='bbox 112 4134 114 4138; x_wconf 77' lang='grc'><strong>,</strong></span> <span class='ocrx_word' id='word_1_290' title='bbox 178 4064 246 4181; x_wconf 74' lang='lat' dir='ltr'>hus</span> <span class='ocrx_word' id='word_1_291' title='bbox 267 4080 400 4152; x_wconf 87' lang='lat' dir='ltr'>tamque</span> <span class='ocrx_word' id='word_1_292' title='bbox 426 4067 603 4136; x_wconf 84' lang='lat' dir='ltr'>manifesto</span> <span class='ocrx_word' id='word_1_293' title='bbox 629 4070 724 4137; x_wconf 85' lang='lat' dir='ltr'>falsis</span> <span class='ocrx_word' id='word_1_294' title='bbox 756 4066 956 4139; x_wconf 80' lang='lat' dir='ltr'>testimoniis</span> <span class='ocrx_word' id='word_1_295' title='bbox 984 4072 1126 4158; x_wconf 86' lang='lat' dir='ltr'>probare</span> <span class='ocrx_word' id='word_1_296' title='bbox 1150 4068 1258 4139; x_wconf 85' lang='lat' dir='ltr'>conati</span> 
     </span>
     <span class='ocr_line' id='line_1_39' title="bbox 179 4179 259 4232; baseline 0 0"><span class='ocrx_word' id='word_1_297' title='bbox 179 4179 259 4232; x_wconf 79' lang='lat' dir='ltr'>siut.</span> 
     </span>
    </p>
   </div>
   <div class='ocr_carea' id='block_1_13' title="bbox 0 0 1320 4800">
    <p class='ocr_par' dir='ltr' id='par_1_14' title="bbox 0 0 1320 4800">
     <span class='ocr_line' id='line_1_40' title="bbox 0 0 1320 4800; baseline 0 0"><span class='ocrx_word' id='word_1_298' title='bbox 0 0 1320 4800; x_wconf 95' lang='lat' dir='ltr'> </span> 
     </span>
    </p>
   </div>
  </div>
 </body>
</html>
