2632 4800
322 294 386 364 DE
407 295 647 377 GLEONYMI
667 297 990 370 HEREDITATE.
1125 303 1191 371 177
1259 288 1262 293 ’

114 492 152 559 p.
183 461 249 533 841
283 464 490 553 aliorumque
525 467 726 553 multorum,
764 467 865 537 etiam
893 456 1111 557 Hoogeveeni
1149 471 1192 539 de

115 566 238 659 partic.
265 590 300 657 p.
321 565 387 635 456
413 568 466 634 ed.
497 564 634 634 Subiitz.
667 570 842 638 sententia.
895 568 1030 638 Scilicet
1055 571 1094 638 bi
1114 594 1193 662 pro·

106 668 232 761 priam
261 692 302 735 ac
329 668 536 757 primitivam
556 668 650 736 illius
670 668 853 758 particulae
872 671 945 738 vim
965 672 1192 740 concessivam
1254 678 1257 685 '

119 783 289 853 statuunt,
328 793 411 856 qnae
440 769 626 854 βεβαιωτικὴ
663 770 772 860 potius
797 772 947 856 videtur,
981 789 1077 860 atque
1104 775 1192 840 banc

119 869 312 939 affirmandi
340 870 411 938 rim
442 896 544 959 quum
577 872 663 961 apud
694 871 879 940 Homerum
918 888 951 940 et
982 873 1191 943 Herodotum

117 995 220 1041 nemo
240 994 308 1037 non
329 986 486 1060 agnoscat
496 1017 507 1056 ,
537 996 597 1037 cnr
609 974 694 1061 apud
704 974 835 1040 Atticos
855 975 953 1065 plane
971 974 1191 1062 degenerarit,

118 1096 220 1141 eausa
236 1074 328 1139 nulla
338 1072 486 1140 inveniri
506 1088 622 1162 potest.
665 1074 879 1144 Affirmativa
900 1089 1010 1141 antem
1030 1076 1193 1165 particula

119 1198 222 1263 quam
248 1175 419 1241 commode
448 1174 548 1241 etiam
569 1175 836 1243 concessionibus
862 1177 1023 1244 inserviat
1043 1193 1193 1266 apertum

119 1290 189 1359 est3
231 1299 333 1363 quum
359 1291 613 1343 consentaneum
639 1276 700 1356 sit,
735 1277 951 1364 quodcunque
983 1279 1193 1345 concedimus

121 1388 162 1444 ea
189 1392 317 1462 mente,
353 1392 390 1444 ut
420 1393 533 1467 postea
563 1377 688 1464 aliquid
719 1402 945 1468 opponamus,
982 1378 1017 1445 id
1045 1404 1125 1446 vere
1145 1379 1199 1447 ita.

120 1501 211 1564 esse,
237 1476 287 1543 uti
308 1479 535 1563 concedimus,
568 1478 741 1546 affirmari.
761 1517 807 1532 -
828 1477 983 1547 Ceterum
1004 1504 1072 1548 non
1093 1503 1195 1566 nega·

119 1603 197 1648 mna
228 1592 279 1646 sat
308 1578 421 1647 multis
454 1579 558 1665 locis,
584 1581 655 1671 ,ubi
680 1581 738 1664 μὲν
771 1595 821 1648 est
857 1604 925 1653 non
956 1577 1110 1669 sequente
1142 1581 1193 1662 δέ,

119 1679 339 1768 Hoogeveeni
364 1681 528 1748 rationem
548 1683 720 1749 commode
741 1682 892 1748 adhiberi
914 1671 1018 1772 posse.
1061 1681 1195 1751 Utrius-

121 1776 187 1870 q'ne
213 1780 344 1871 generis
373 1785 527 1872 exempla
559 1782 711 1852 invenies
743 1808 796 1874 ap.
825 1783 960 1850 Astium
991 1784 1032 1850 ad
1060 1784 1193 1852 Platon.

121 1887 230 1971 Legg.
252 1907 285 1972 p.
309 1883 392 1963 118,
414 1884 534 1972 quique
555 1885 597 1951 ab
619 1908 658 1953 eo
679 1885 875 1970 laudantur,
897 1884 1130 1952 Heindorllnm
1152 1885 1193 1951 ad

123 1984 298 2053 Tbeaetet.
320 2009 353 2074 p.
377 1984 452 2052 349.
484 1985 622 2054 Gbarm.
644 2011 679 2075 p.
702 1989 756 2054 97.
791 1983 921 2079 Gratyl.
942 2011 977 2075 p.
1000 1986 1053 2053 25.
1075 1986 1196 2073 bocel-

123 2086 193 2153 lam
215 2086 257 2151 ad
277 2084 369 2153 Xen.
392 2085 479 2175 Eph.
501 2112 535 2177 p.
556 2089 632 2154 226.
662 2085 716 2155 Ol.
739 2087 779 2153 ad
803 2112 853 2154 or.
876 2089 917 2154 de
937 2087 1098 2174 Dicaeog.
1120 2088 1219 2156 ber.-

124 2186 162 2277 §.
182 2189 239 2255 36.
265 2187 378 2270 [Adde
398 2189 520 2256 Banb.
543 2189 584 2255 ad
606 2187 750 2279 Dionys.
771 2188 904 2275 Perieg.
926 2213 960 2278 p.
981 2187 1074 2274 ott]

208 2288 320 2367 ἔκεῒνος
346 2284 427 2374 γάρ,
456 2289 533 2375 hic,
566 2288 623 2376 qui
644 2291 743 2359 modo
763 2291 954 2358 nominatus
975 2304 1039 2372 est3
1068 2313 1086 2356 e
1115 2313 1196 2357 con·

123 2388 227 2483 amnti
246 2404 423 2471 ,oratorum
449 2415 532 2476 usu,
562 2407 711 2458 mortuos
740 2393 797 2459 vel
824 2393 975 2459 absentes
1000 2391 1196 2480 pronomine

122 2480 239 2568 ὰεῖνοε
263 2490 527 2579 designantium,
555 2490 656 2559 etiam
684 2492 744 2559 nbi
765 2492 918 2585 proxima
946 2491 1196 2559 commemorati

88 2660 92 2673 ,
122 2609 232 2674 tunt,
250 2594 344 2660 velut
365 2617 415 2660 or.
439 2593 479 2659 de
500 2593 641 2660 Menecl.
664 2596 737 2662 ber.
760 2595 798 2682 §.
820 2597 855 2660 2.
899 2589 916 2658 ὂ
943 2598 1058 2679 κλῆρος
1083 2589 1100 2659 ὅ
1122 2597 1196 2659 Με-

121 2694 280 2774 νεκλέους,
310 2691 400 2769 ὄντος
420 2694 585 2776 laciniosi
606 2694 731 2764 ἱκείνοα.
773 2697 817 2762 cf.
839 2695 887 2761 ib.
910 2688 949 2781 ᾖ.
971 2696 993 2761 7
1019 2692 1056 2760 in
1076 2691 1116 2778 ἣν
1137 2689 1196 2776 εἶχε
1310 2759 1313 2766 ,

122 2799 289 2879 Μενεκλῆς
308 2830 363 2863 ·--.
397 2795 449 2859 καὶ
479 2793 599 2871 ἐκεῖνος.
632 2798 672 2862 de
698 2796 825 2889 Pyrrh.
854 2796 926 2862 ber.
959 2794 996 2882 ς.
1027 2795 1081 2861 10.
1125 2797 1197 2882 πρὶν

119 2903 239 2986 γνῶναι
265 2894 321 2962 τὸν
340 2930 384 2946 ·—-
407 2897 497 2962 Θεῖον
520 2895 638 2977 αὐτὴν,
675 2898 727 2963 καὶ
754 2896 824 2962 ὅσοι
844 2896 957 2961 ἐκείνου
977 2893 1196 2989 γιγνώσκονεος

116 2998 308 3083 ἐπλησίαζον
340 2996 430 3083 αὐτῇ.
482 2998 566 3065 ibid.
600 2998 636 3086 ᾧ.
659 2997 713 3066 45.
757 2996 815 3081 τὴν
842 2995 875 3062 ἔκ
902 3002 959 3080 τῆς
985 2995 1131 3082 ἐγγυητῆς
1150 3003 1197 3086 τῷ

114 3098 246 3188 Πῦρῤῳ
272 3099 470 3184 γεγενημένην
500 3097 543 3177 ὡς
574 3100 607 3177 ἐξ
627 3096 753 3185 ἑταίρας
773 3099 876 3186 ἐκείνῳ
897 3089 1005 3181 οὖσαν.
1047 3098 1195 3189 Lycurg.
1305 3176 1309 3183 ι

113 3207 160 3273 in
186 3200 306 3268 Leocr.
336 3225 365 3268 c.
393 3202 426 3268 8.
480 3202 507 3266 εἲ
534 3200 592 3284 μέν
623 3193 678 3267 οὗν
707 3203 766 3281 ζῶν
798 3198 959 3285 ἐτύγχανεν
986 3196 1002 3266 ὁ
1029 3196 1196 3285 Ἀμύντας,

114 3304 238 3371 ἐκεῖνον
258 3301 297 3366 ἂν
316 3299 411 3366 αὐτὸν
431 3298 631 3386 παρειχόμην.
675 3302 885 3390 Quamquam
905 3303 964 3367 ubi
985 3302 1025 3367 de
1046 3299 1197 3391 pluribus
1261 3299 1265 3308 “

115 3403 288 3475 defunctis
313 3427 349 3473 v.
382 3404 572 3471 absentibus
599 3427 708 3470 sermo
731 3420 797 3489 est,
821 3405 872 3471 'en
890 3402 944 3470 his
966 3401 1023 3489 qni
1043 3400 1197 3490 proxime

116 3496 401 3575 commemoratus
423 3520 491 3589 est,
513 3495 602 3581 οὗτος
622 3505 760 3590 dicitur,
790 3504 861 3574 vid.
880 3505 965 3582 infr.
987 3503 1026 3590 ᾖ.
1048 3505 1081 3569 9.

211 3606 367 3684 κατέλιπε,
408 3605 560 3692 reliquit,
603 3622 760 3693 quantum
792 3606 924 3693 quidem
950 3603 986 3669 in
1016 3601 1090 3693 ipso
1120 3599 1197 3688 fuit,

119 3731 325 3797 quamquam
341 3731 394 3774 rea
412 3710 529 3775 effectu
548 3707 668 3774 caruit.
689 3706 740 3775 lta
755 3708 844 3774 infra
860 3706 945 3794 §.32
967 3702 1025 3779 τὰς
1042 3699 1198 3786 διαθήκας
1226 3752 1234 3773 .

120 3808 163 3887 ἃς
180 3806 292 3886 &ervei
306 3806 404 3889 ἔλασε,
424 3824 656 3876 testamentum
672 3809 758 3896 quod
772 3807 959 3876 rescindere
976 3803 1197 3887 voluit-de

121 3925 263 3995 conatu,
290 3925 334 3976 ut
365 3910 574 3996 grammatici
599 3911 693 3997 loqui
718 3911 837 3977 solent.
880 3908 966 3974 Nam
988 3904 1196 3995 Elmslejnm,

122 4010 252 4081 aoristo
272 4012 361 4078 banc
374 4011 462 4099 sign.
476 4010 718 4105 abjudicantem
733 4007 994 4077 rectarelutavit
1009 4006 1195 4075 Hermann.

123 4114 169 4181 sd
192 4109 352 4202 Sophocl.
373 4112 472 4204 Ajac.
494 4137 530 4179 v.
554 4112 655 4194 11063
684 4133 882 4198 quamquam
904 4108 989 4199 qnod
1012 4107 1080 4193 ait,
1107 4106 1197 4174 aori-

121 4232 215 4286 stnm
236 4213 442 4303 significare,
478 4213 594 4283 secisse
615 4211 761 4299 aliquem
781 4210 929 4298 aliquid,
948 4209 1007 4378 :ad
1028 4208 1101 4277 sina
1121 4232 1198 4276 εαο·
