2632 4800
135 100 185 173 'dd
471 97 523 166 nt
542 94 825 167 ottfflottsstt

205 274 246 353 s·
261 265 319 337 tt.
340 262 442 349 etam
461 252 708 350 naamam..
747 265 796 334 n.
817 289 848 334 e.
869 269 1197 354 φοιιοααοοι,
1311 266 1314 271 ‘

119 386 157 441 ut
176 371 215 460 ὁ.
229 370 291 438 7-53
322 366 355 435 ἔκ
376 368 411 433 δέ
430 373 487 434 τοῦ
506 367 551 452 μὴ
573 369 742 451 εἰσαγαγεῖν
762 368 821 455 τὴν
836 366 1006 456 μέννόθην
1022 368 1075 436 καὶ
1096 356 1197 459 detq.

119 498 175 561 ρον
195 471 373 555 κατέστησε.
385 506 430 523 -
448 467 504 535 De
523 470 634 535 forma
653 467 737 555 ᾔδεις
757 471 802 537 cf.
823 470 973 540 Loheck.
996 473 1037 539 ad
1059 472 1196 567 Phryn.

118 600 141 727 -Ρ
200 670 297 745 διότι
315 668 376 758 ydq
406 695 454 748 τις
473 668 672 751 έπιδικόζετσ.
714 671 906 739 Pronomeu
927 697 947 739 a
967 672 1109 742 Reiakio
1130 700 1197 743 un·

118 776 215 849 cinis
228 775 413 843 includitur
440 789 478 840 ut
508 796 790 863 supervacaneum
811 788 844 839 et
864 776 907 840 ab
929 774 992 841 hoc
1013 777 1089 843 loco
1109 778 1198 845 alie·

116 902 213 949 nunt.
254 874 342 945 Natu
368 874 399 943 ai
425 897 472 950 τις
492 876 695 959 retineatur,
725 890 763 942 ut
788 875 826 941 in
847 877 997 964 generali
1018 879 1196 959 sententia,

116 1001 186 1049 uon
201 973 395 1056 έσιδικόζιτο
423 976 482 1042 aed
509 974 710 1055 διαδικάζεται
730 999 836 1063 neque
856 979 994 1062 καθίστη
1015 979 1073 1046 aad
1094 980 1196 1046 καθέ-

116 1101 213 1165 στησι
228 1077 367 1166 requiri.
413 1075 478 1145 Sed
500 1102 567 1144 uon
587 1078 741 1143 meminit
760 1079 817 1146 vir
836 1079 1065 1164 doctissimus,
1087 1078 1195 1148 Graa-
1217 1150 1220 1155 .

115 1204 173 1257 cos
192 1188 447 1269 saepenumero,
475 1179 605 1245 etiamsi
617 1179 658 1244 de
679 1194 768 1245 certa
781 1180 921 1267 quadam
943 1202 982 1247 ac
1001 1182 1095 1248 finita
1116 1206 1196 1272 per·

115 1304 199 1353 oona
218 1280 382 1369 cogitent,
413 1280 544 1347 infinito
565 1282 685 1347 tamen'
694 1281 892 1372 pronomine
911 1282 980 1367 uti,
1000 1283 1100 1371 idque
1121 1297 1195 1351 tum

114 1383 307 1476 praecipue,
344 1382 404 1448 ubi
440 1381 480 1447 ad
508 1381 617 1471 ipsam
646 1405 719 1449 rens
749 1383 838 1449 nihil
867 1383 1024 1470 interest,
1061 1382 1119 1451 hic
1147 1408 1215 1451 un.

1 1543 4 1550 ,
115 1484 206 1559 oliuu
221 1482 354 1577 juliquid
383 1482 484 1549 iaciat
513 1485 568 1550 vel
595 1482 728 1568 fecerit,
763 1498 800 1550 ut
829 1499 944 1551 nostro
972 1487 1060 1553 loco.
1103 1486 1193 1553 Num

114 1586 186 1654 aive
216 1584 344 1653 Endiua
371 1584 444 1651 sive
469 1584 545 1669 q'uia
574 1584 660 1651 aliua
680 1585 899 1652 hereditatem
919 1585 985 1653 sihi
1004 1586 1194 1677 adjudicari

114 1689 324 1780 postula‘hut,
362 1685 501 1775 perinde
535 1685 659 1753 Philen
696 1686 844 1776 spuriam
880 1711 952 1755 ease
987 1687 1191 1757 declarabat.

114 1791 234 1877 ltaque·
250 1787 390 1857 uncinoa
411 1786 590 1853 Bekherus
610 1802 700 1855 recte
721 1789 858 1856 amovit.
899 1787 956 1858 cf.
975 1788 1126 1877 llrliger.
1147 1790 1192 1857 ad

114 1891 274 1981 Xenoph.
296 1890 410 1957 Anah.
431 1913 465 1978 p.
488 1890 543 1973 38.
658 1914 662 1919 ·
702 1922 705 1929 ·
735 1938 738 1943 -
807 1972 810 1977 .

200 1993 238 2081 ἦ.
256 1994 312 2060 42.
341 1989 411 2057 οότι
432 1992 493 2076 γὰρ
515 1990 690 2055 διαθέσθαι
711 1991 783 2058 odra
803 1993 913 2058 δοῦναι
925 2030 969 2043 -
981 1989 1091 2069 ἔξιστι.
1130 1991 1191 2060 ‘Do

113 2097 179 2165 hau
197 2096 273 2181 lega
293 2093 363 2161 vid.
386 2092 467 2161 inlr.
490 2098 525 2172 6.
548 2093 608 2160 683
639 2088 719 2176 utici
741 2099 803 2159 τῶν
823 2094 1008 2179 θυγατέρων
1028 2093 1094 2159 ἴση
1114 2096 1192 2161 δοῦ-

114 2222 168 2265 ναι
190 2197 246 2267 uul
277 2193 452 2261 διαθέσθαι
481 2193 522 2259 τὰ
544 2189 671 2259 heroo·
698 2194 772 2261 ἄνια
794 2195 829 2260 δέ
847 2201 910 2261 τῶν
929 2197 1063 2280 γνησίων
1084 2202 1192 2281 θανα-

113 2299 213 2386 σέρσιν
234 2295 291 2380 οὐχ
321 2293 419 2363 οἷόντε
440 2294 511 2379 oliae
537 2292 731 2378 ποιήσασθαι
754 2295 825 2362 σόαι
846 2299 957 2362 δοῦναι
976 2296 1078 2363 addend
1098 2296 1190 2365 οὐδὲν

113 2406 176 2469 τῶν
203 2397 326 2471 ducaei.
378 2397 449 2485 (Ol.
478 2397 628 2465 Platuer.
660 2395 816 2490 Symbol.
847 2397 940 2465 adl.
970 2398 1017 2466 Α.
1049 2423 1084 2488 p.
1108 2401 1187 2475 137.

113 2503 230 2573 Meier.
259 2500 300 2571 da
326 2500 398 2569 ord.
425 2499 497 2588 jud.
516 2525 553 2589 p.
574 2497 641 2566 468
670 2515 704 2565 et
723 2499 815 2586 4³9.)
859 2498 963 2566 Vides
983 2507 1102 2582 {autem
1122 2502 1190 2571 hoc

113 2607 188 2673 loco
215 2598 413 2686 ποιήσασθαι
440 2618 473 2666 et
505 2603 613 2666 δοῦναι
642 2603 761 2668 eodem
788 2603 887 2669 modo
914 2602 1080 2687 discreta,
1122 2626 1189 2691 quo

114 2705 288 2775 διαθέσθαι
310 2720 342 2771 et
362 2705 478 2771 δοῦναι,
493 2727 645 2790 ecquem
666 2704 812 2770 nuncin
833 2703 989 2771 manibus
1009 2704 1187 2774 habemus.

112 2808 163 2879 Et
176 2808 311 2874 videtur
336 2828 416 2875 aaut
441 2805 531 2871 inter
558 2808 641 2871 haec
667 2806 770 2873 verha
791 2806 855 2871 hoc
878 2805 1081 2872 discriminis
1102 2828 1188 2892 csse,

86 2924 150 2977 ‘ut
177 2908 351 2973 διαθέσθαι
378 2907 511 2997 proprie
537 2907 568 2974 is
596 2908 744 2991 dicatur,
783 2907 839 2995 qui
860 2907 1007 2995 aliquem
1029 2908 1188 2975 heredem

112 3012 215 3081 timul
245 3009 412 3075 etlilium
440 3009 584 3076 instituit
614 3009 672 3096 (cf.
699 3006 849 3076 Bunaen.
877 3034 911 3099 p.
941 3008 1038 3096 dh),
1077 3010 1188 3075 δοῦναι

113 3128 223 3182 autem
249 3113 403 3177 universe
431 3111 612 3199 significetr
649 3111 752 3177 alicui
782 3113 866 3177 bona
893 3135 953 3177 sua
980 3125 1037 3176 aut
1057 3128 1187 3201 partem

113 3220 277 3285 honorum
298 3213 501 3300 relinquere,
530 3213 602 3280 sive
623 3213 653 3279 is
674 3213 764 3279 lilius
784 3212 995 3293 instituatur,
1022 3213 1095 3281 aive
1116 3237 1187 3281 non

112 3319 316 3388 instituatur.
368 3314 418 3383 lta
445 3317 482 3381 fit
508 3331 546 3381 ut
574 3313 695 3380 διδόναι
725 3315 825 3381 modo
853 3315 1039 3404 oppositum
1065 3316 1110 3382 sit
1142 3318 1187 3403 τῷ

112 3421 287 3487 διαθέσθαι
309 3431 340 3484 et
360 3419 506 3503 legatum
528 3441 563 3485 v.
588 3417 799 3484 donationem
820 3417 938 3483 mortis
959 3439 1056 3483 causa
1078 3417 1187 3505 signi·

112 3527 206 3607 licet,
228 3522 327 3588 modo
349 3520 448 3586 etiam
470 3521 511 3585 de
531 3543 572 3587 eo
595 3520 744 3604 dicatur,
776 3519 833 3606 qui
854 3518 989 3609 proprie
1009 3519 1193 3583 διαθέσθαι

113 3625 269 3692 dicendus
303 3622 424 3702 suerit,
457 3631 495 3688 ut
524 3623 564 3691 de
591 3622 738 3714 Astyph.
777 3623 850 3687 her.
883 3627 917 3704 ἦ.
939 3620 1000 3687 353
1039 3618 1197 3697 ἀπέδειξα

111 3724 184 3811 ὑμῖν
210 3723 253 3801 ὥς
282 3723 382 3791 οὐδενὶ
410 3725 521 3799 ἐκεῖνος
547 3723 660 3788 δέδωκε
686 3722 726 3787 τὰ
749 3720 876 3803 ἑαυτοῦ,
910 3746 1010 3810 quum
1033 3738 1110 3789 ante
1132 3721 1193 3788 di·

112 3844 203 3896 ctum
233 3842 316 3894 esset
348 3826 386 3914 ὁ.
408 3826 474 3896 al:
513 3825 582 3890 οόδν
613 3828 834 3909 εἰσποιηθῆναι
864 3825 916 3889 καὶ
945 3821 1042 3888 ταῦτ’
1070 3823 1191 3889 ἐκεῖνον

112 3929 296 3995 διαθέσθαι.
339 3930 382 3997 cf.
412 3929 453 3995 ds
472 3928 661 3997 Aristarch.
688 3928 761 3996 her.
791 3927 828 4015 ξ.
851 3928 885 3994 8.
907 3927 941 3995 9.
968 3927 1023 3992 13.
1045 3938 1079 3992 et
1099 3923 1186 3992 alihi

112 4029 255 4121 passim,
291 4029 389 4098 sicuti
415 4031 515 4100 etiam
542 4029 628 4108 δόσις
659 4030 781 4098 dicitur
810 4053 879 4098 non
901 4029 943 4098 do
962 4029 1093 4119 legato,
1123 4024 1182 4096 sed

256 4166 259 4171 ‘
699 4144 718 4195 h
