2632 4800
203 306 268 374 aco
427 358 430 365 .
563 269 983 370 montuosum
1096 304 1099 309 ·

103 548 106 555 ,
205 426 316 540 tamen
336 471 436 562 hujus
464 470 531 545 loci
550 471 665 562 paullo
685 468 754 537 alia
774 484 824 536 eat
843 467 959 539 ratio..
989 464 1044 538 Gi.
1067 480 1101 535 et
1119 465 1283 536 Matthiae

206 574 357 642 Gramm.
379 599 420 661 pr
435 573 511 641 598.

188 739 191 743 .
290 675 326 763 ᾖ.
349 677 404 742 66.
425 672 494 739 ὅσοι
523 673 582 757 μὲν
603 673 805 741 καταλίπωσι.
847 671 917 739 Pro
938 669 1006 738 ὅσοι
1026 671 1083 755 μέν
1104 669 1145 736 ἀν
1165 677 1281 738 καταλ.

82 780 85 787 ’
204 774 285 844 Vid.
308 775 349 842 ad
373 790 457 842 orat.
482 774 522 839 de
542 774 684 843 Menecl.
707 777 780 841 her.
803 775 841 863 ᾗ.
860 777 896 845 ,8.
950 834 952 838 .
1068 810 1073 831 ι

184 880 189 893 ’
289 877 327 965 ᾖ.
348 878 403 944 61.
423 877 476 941 ἵνα
498 867 553 942 οὖν
572 874 618 960 μὴ
638 876 726 962 παρὰ
746 882 803 942 ’τοῦ
824 869 1005 956 ἐντυχόντος
1025 879 1088 941 τῶν
1104 872 1231 962 κλήρων
1246 877 1285 941 αῖ

204 974 300 1062 λήξεις
318 987 385 1053 τοῖς
406 976 612 1064 ἀμφισβητεῖν
632 977 832 1060 βουλομένοις
851 978 1024 1066 γίγνωνται.
1073 976 1184 1068 Hujus
1212 978 1283 1046 loci

203 1097 235 1148 et
255 1094 419 1149 structura
440 1078 631 1169 impeditior
651 1095 683 1145 et
704 1078 879 1163 sententia,
901 1102 976 1145 meo
990 1077 1126 1165 'quidem
1138 1078 1282 1173 jndicio,

201 1181 376 1250 manifesto
396 1182 482 1248 ialsa
503 1195 564 1249 est.
609 1179 700 1266 Quid
721 1181 834 1248 euim?
862 1203 979 1247 eamne
1000 1180 1042 1247 ob
1056 1204 1191 1247 causam
1211 1181 1282 1245 ἐπι-

59 1274 72 1286 ’
202 1286 339 1349 δικασιάι
360 1283 582 1351 instituendae
602 1297 715 1366 erant,
737 1295 774 1348 ut
796 1281 855 1348 alii
876 1280 1075 1369 quicumque
1095 1305 1115 1348 a
1135 1284 1279 1373 petenda

199 1385 381 1469 hereditate
413 1383 692 1474 prohiberentur?
757 1382 832 1450 lmo
864 1385 1131 1473 provocabantur
1166 1384 1278 1475 potius

197 1503 314 1554 'omues
346 1480 365 1553 a
395 1508 575 1579 praecone,
604 1486 635 1552 si
661 1484 734 1572 quis
765 1486 963 1551 contendere
991 1480 1094 1552 v'eltet
1122 1509 1201 1552 cum
1221 1510 1276 1570 eo,

189 1576 257 1676 ‘qui
277 1588 404 1676 primus
422 1587 639 1653 hereditatem
660 1585 840 1677 petivisset.
882 1585 1058 1653 Demosth.
1081 1585 1120 1651 iu
1135 1586 1275 1654 Macart.

197 1688 232 1780 p.
256 1689 352 1774 1051,
384 1691 448 1757 21:
487 1690 539 1753 καὶ
559 1694 616 1754 τοῦ
636 1684 1007 1775 κη’ρνκοςκηράττοντος,
1035 1686 1067 1752 εἷ’
1086 1711 1134 1764 τις
1155 1685 1277 1776 ἀμφισ-

199 1798 304 1875 βητεῖν
333 1789 354 1876 ἢ
379 1786 673 1877 παρακαταβάλλειν
703 1787 859 1872 βούλεται.
888 1804 922 1856 et
941 1788 1109 1857 nemiuem
1130 1791 1273 1881 planes

160 1936 163 1942 ι
196 1893 345 1982 petendis
372 1892 610 1960 hereditatibus
640 1892 813 1982 prohiberi
833 1915 927 1981 posse
948 1891 1060 1958 Isaeus
1081 1891 1153 1980 ipse
1174 1905 1274 1959 testa-

196 2008 252 2060 tur
278 1995 319 2061 de
339 1994 482 2061 Nicostr.
513 1995 588 2062 her.
621 1994 657 2082 ᾖ.
688 1996 749 2062 11:
786 1992 885 2058 ἅπασι
917 1994 970 2058 καὶ
1004 1997 1068 2059 τῶν
1100 1990 1272 2080 ἀλλοτρίαν

196 2091 364 2176 ἀπάντων,
397 2093 477 2161 καθ’
509 2093 579 2161 ὅτι
599 2093 640 2162 ἀν
660 2120 709 2171 τις
727 2093 896 2180 βούληται,
928 2093 1134 2181 ἀμφισβητεῖν
1161 2094 1272 2174 ἴξεστι.
1292 2141 1312 2160 .

195 2196 338 2285 itemque
349 2197 524 2265 Demosth.
541 2197 578 2264 in
593 2198 790 2290 Olympiod.
812 2198 960 2287 p.1170,
981 2201 1020 2265 7:
1051 2196 1081 2261 οἶ
1100 2195 1162 2283 γὰρ
1182 2195 1312 2281 νόμοι-

196 2295 350 2364 κελεάουσι
371 2300 426 2365 τὸν
445 2296 637 2382 βουλόμενον
658 2299 873 2391 ἀμφισβητεῖν.
917 2296 1016 2365 Cous.
1040 2299 1080 2364 de
1101 2298 1174 2366 ord.
1199 2299 1312 2393 jnd-

193 2424 228 2491 p.
250 2399 328 2468 46³.
379 2401 494 2489 Itaque
521 2401 607 2469 illud
634 2400 679 2486 μά
708 2401 846 2469 tolerari
876 2424 945 2467 non
975 2424 1087 2490 posse,
1124 2401 1195 2469 sed⁴
1216 2417 1312 2470 aut

192 2501 394 2596 ejiciendum
425 2518 499 2589 aut,
536 2503 624 2591 quod
650 2503 804 2592 equidem
830 2503 967 2588 malim,
1005 2527 1080 2569 cum
1100 2504 1154 2567 καλ
1176 2528 1312 2573 com—

193 2605 388 2675 mutandum
421 2629 491 2672 esse
525 2620 682 2694 apparet,
724 2619 762 2672 ut
782 2621 976 2696 opponatur
1009 2601 1026 2670 ὃ
1057 2603 1199 2696 ’ἐντυχών
1229 2606 1312 2675 iiz-

192 2702 251 2792 qui
278 2706 392 2794 paullo
419 2700 495 2773 ante
523 2705 604 2774 dicti
634 2719 711 2772 sunt
738 2715 804 2782 τοῖς
833 2705 914 2772 κατὰ
942 2706 1028 2791 γένος
1047 2706 1312 2794 προσήκουσιν-

191 2802 272 2874 ’ἶσαι
293 2831 373 2875 vero
395 2816 461 2883 τοῖς
480 2805 686 2894 ἀμφισβητεῖν
705 2807 905 2892 βουλομένοις
926 2832 993 2874 non
1014 2824 1120 2899 potest
1141 2811 1312 2878 dictum

193 2929 265 2975 esse
290 2932 370 2997 pro:
402 2908 480 2995 πρὸς
505 2909 579 2985 coda
609 2909 817 2997 ἀμφισβητεῖν
841 2911 1059 2992 βουλομένους.
1100 2909 1153 2979 lta
1177 2913 1301 2980 euim

192 3030 262 3074 non
286 3009 369 3076 alios
389 3012 454 3078 hoc
473 3013 548 3079 loco
571 3012 757 3098 designatos
777 3013 996 3092 haberemus,
1024 3011 1090 3080 nisi
1110 3013 1206 3098 illos,
1228 3015 1283 3081 de

187 3108 312 3196 ¹'utribus
332 3111 414 3177 haec
441 3113 554 3179 omnia
583 3114 756 3197 dicuntur,
788 3113 875 3180 filios
896 3115 1085 3204 adoptivos,
1121 3116 1181 3202 qui
1203 3117 1273 3182 tm-

191 3211 335 3275 ῖικασῖαν
359 3212 546 3282 instituant.
596 3215 668 3282 Hos
688 3239 770 3283 vero
802 3239 869 3283 non
890 3232 978 3281 recte
1006 3215 1053 3281 ita
1075 3219 1202 3308 opponi
1222 3221 1265 3307 τῷ

191 3308 360 3394 ἐντυχόντι,
392 3338 504 3401 aquo
525 3320 610 3401 λῆξις
636 3316 848 3400 instituatur,
868 3317 954 3382 'satis
976 3335 1131 3406 apparet,
1161 3342 1259 3407 quum

162 3444 166 3451 >
189 3412 247 3479 hic
269 3429 301 3480 et
320 3414 391 3505 ipse
412 3440 480 3482 non
495 3418 606 3486 minus
627 3419 670 3485 sit
692 3417 897 3505 ἀμφισβητεῖν
916 3415 1116 3502 βουλόμενος.
1160 3420 1258 3488 Prae·¹

189 3527 279 3582 terea
299 3541 464 3605 nusquam
485 3520 568 3585 alias
588 3522 673 3603 λῇξίν
693 3545 752 3586 τινι
773 3521 917 3606 γενέσθαι
935 3520 1050 3587 dicunt
1070 3522 1112 3587 de
1133 3523 1257 3590 actione

188 3615 346 3684 adversus
361 3618 505 3705 aliquem
519 3619 687 3701 instituta,
718 3623 775 3688 aed
797 3638 853 3688 aut
873 3622 915 3689 de
935 3622 1063 3689 actione
1083 3625 1126 3690 ab
1150 3625 1259 3712 aliquo

187 3717 243 3784 vel
269 3717 306 3787 in
327 3717 468 3809 aiicujus
489 3722 700 3790 commodum
728 3722 900 3810 instituta,
930 3740 987 3790 aut
1007 3725 1048 3791 de
1075 3722 1134 3811 ea,
1169 3725 1257 3821 cujus

186 3817 287 3884 alicui
309 3820 448 3888 facultas
476 3821 551 3888 data
579 3840 638 3891 est.
682 3823 792 3911 Atque
813 3826 903 3892 hunc
923 3826 1024 3893 etiam
1045 3842 1160 3894 nostro
1188 3830 1259 3896 loco

184 3940 319 3987 sensum
347 3926 590 4007 agnoscendum
618 3915 698 3992 esse*
717 3950 851 3993 censeo:
884 3939 920 3992 st
946 3953 969 3992 α
988 3928 1125 4017 quolibet
1149 3930 1259 4010 [etiosa

183 4024 352 4105 εατναιιεο]
373 4025 583 4091 instituendae
603 4029 736 4092 actionis
752 4023 894 4112 [λήξεως]
906 4029 1057 4114 facultas
1065 4031 1141 4116 fiat
1161 4037 1260 4105 omui-

44 4166 52 4176 .
83 4203 86 4209 ¹
183 4117 256 4203 bau,
287 4124 468 4210 quicumque
488 4129 674 4192 contendere
701 4131 814 4208 vetor,
847 4144 1046 4216 quamquam
1072 4132 1177 4199 habet
1197 4134 1261 4203 hoc

154 4217 272 4286 haud
295 4222 394 4292 dubie
416 4225 543 4316 aliquid
565 4228 641 4295 duri
647 4274 660 4315 ,
691 4228 777 4316 quod
799 4244 873 4320 post
894 4231 979 4319 παρὰ
1001 4238 1058 4299 τοῦ
1078 4231 1261 4319 ἐντύχάντος
