<?xml version="1.0" encoding="UTF-8"?>
<!DOCTYPE html PUBLIC "-//W3C//DTD XHTML 1.0 Transitional//EN"
    "http://www.w3.org/TR/xhtml1/DTD/xhtml1-transitional.dtd">
<html xmlns="http://www.w3.org/1999/xhtml" xml:lang="en" lang="en">
 <head>
  <title>
</title>
<meta http-equiv="Content-Type" content="text/html;charset=utf-8" />
  <meta name='ocr-system' content='tesseract 3.04.00' />
  <meta name='ocr-capabilities' content='ocr_page ocr_carea ocr_par ocr_line ocrx_word'/>
</head>
<body>
  <div class='ocr_page' id='page_1' title='image "./isaeiorationesx00isaegoog_0428.png"; bbox 0 0 2632 4800; ppageno 0'>
   <div class='ocr_carea' id='block_1_1' title="bbox 123 218 838 325">
    <p class='ocr_par' dir='ltr' id='par_1_1' title="bbox 123 218 838 325">
     <span class='ocr_line' id='line_1_1' title="bbox 123 218 838 325; baseline -0.011 0"><span class='ocrx_word' id='word_1_1' title='bbox 123 218 191 325; x_wconf 81' lang='lat' dir='ltr'>toa</span> <span class='ocrx_word' id='word_1_2' title='bbox 329 268 335 279; x_wconf 94' lang='lat'><em>·</em></span> <span class='ocrx_word' id='word_1_3' title='bbox 484 242 535 316; x_wconf 84' lang='lat' dir='ltr'>ut</span> <span class='ocrx_word' id='word_1_4' title='bbox 555 240 838 317; x_wconf 76' lang='grc' dir='ltr'>οιιιιιοιιιιι</span> 
     </span>
    </p>
   </div>
   <div class='ocr_carea' id='block_1_2' title="bbox 43 410 1232 2837">
    <p class='ocr_par' dir='ltr' id='par_1_2' title="bbox 55 410 1232 2430">
     <span class='ocr_line' id='line_1_2' title="bbox 127 410 1208 508; baseline -0.005 -22"><span class='ocrx_word' id='word_1_5' title='bbox 127 417 259 506; x_wconf 78' lang='lat' dir='ltr'>(1V,1‚</span> <span class='ocrx_word' id='word_1_6' title='bbox 285 418 361 505; x_wconf 80' lang='lat'>72),</span> <span class='ocrx_word' id='word_1_7' title='bbox 395 412 603 508; x_wconf 72' lang='lat' dir='ltr'>supersederi</span> <span class='ocrx_word' id='word_1_8' title='bbox 631 433 874 500; x_wconf 78' lang='lat' dir='ltr'>nonnunquam</span> <span class='ocrx_word' id='word_1_9' title='bbox 901 410 1074 502; x_wconf 83' lang='lat' dir='ltr'>prooemio</span> <span class='ocrx_word' id='word_1_10' title='bbox 1094 434 1208 504; x_wconf 85' lang='lat' dir='ltr'>posse,</span> 
     </span>
     <span class='ocr_line' id='line_1_3' title="bbox 106 512 1208 606; baseline -0.007 -18"><span class='ocrx_word' id='word_1_11' title='bbox 106 542 111 549; x_wconf 88' lang='lat'><em>·</em></span> <span class='ocrx_word' id='word_1_12' title='bbox 128 535 163 588; x_wconf 85' lang='lat' dir='ltr'>et</span> <span class='ocrx_word' id='word_1_13' title='bbox 183 543 253 588; x_wconf 86' lang='lat' dir='ltr'>esse</span> <span class='ocrx_word' id='word_1_14' title='bbox 267 517 436 586; x_wconf 88' lang='lat' dir='ltr'>interdum</span> <span class='ocrx_word' id='word_1_15' title='bbox 448 514 521 585; x_wconf 82' lang='lat' dir='ltr'>vim</span> <span class='ocrx_word' id='word_1_16' title='bbox 534 512 698 606; x_wconf 83' lang='lat' dir='ltr'>prooemii</span> <span class='ocrx_word' id='word_1_17' title='bbox 713 513 815 593; x_wconf 81' lang='lat' dir='ltr'>etiarn</span> <span class='ocrx_word' id='word_1_18' title='bbox 835 514 929 581; x_wconf 87' lang='lat' dir='ltr'>nullo</span> <span class='ocrx_word' id='word_1_19' title='bbox 940 512 1100 595; x_wconf 83' lang='lat' dir='ltr'>exordio.</span> <span class='ocrx_word' id='word_1_20' title='bbox 1142 514 1208 583; x_wconf 77' lang='lat' dir='ltr'>As-</span> 
     </span>
     <span class='ocr_line' id='line_1_4' title="bbox 129 613 1208 709; baseline -0.006 -21"><span class='ocrx_word' id='word_1_21' title='bbox 129 645 193 709; x_wconf 89' lang='lat' dir='ltr'>que</span> <span class='ocrx_word' id='word_1_22' title='bbox 221 619 326 687; x_wconf 90' lang='lat' dir='ltr'>simili</span> <span class='ocrx_word' id='word_1_23' title='bbox 356 617 455 686; x_wconf 85' lang='lat' dir='ltr'>initio</span> <span class='ocrx_word' id='word_1_24' title='bbox 485 616 557 683; x_wconf 91' lang='lat' dir='ltr'>sine</span> <span class='ocrx_word' id='word_1_25' title='bbox 583 613 754 704; x_wconf 86' lang='lat' dir='ltr'>prooemio</span> <span class='ocrx_word' id='word_1_26' title='bbox 782 613 889 681; x_wconf 88' lang='lat' dir='ltr'>utitur</span> <span class='ocrx_word' id='word_1_27' title='bbox 908 613 1022 683; x_wconf 82' lang='lat' dir='ltr'>Isseus</span> <span class='ocrx_word' id='word_1_28' title='bbox 1044 614 1150 683; x_wconf 85' lang='lat' dir='ltr'>etiam</span> <span class='ocrx_word' id='word_1_29' title='bbox 1170 614 1208 682; x_wconf 89' lang='lat' dir='ltr'>in</span> 
     </span>
     <span class='ocr_line' id='line_1_5' title="bbox 130 714 1208 811; baseline -0.006 -22"><span class='ocrx_word' id='word_1_30' title='bbox 130 718 281 789; x_wconf 83' lang='lat' dir='ltr'>oratione</span> <span class='ocrx_word' id='word_1_31' title='bbox 308 720 349 786; x_wconf 88' lang='lat' dir='ltr'>de</span> <span class='ocrx_word' id='word_1_32' title='bbox 369 717 498 811; x_wconf 84' lang='lat' dir='ltr'>Pyrrhi</span> <span class='ocrx_word' id='word_1_33' title='bbox 519 715 719 801; x_wconf 87' lang='lat' dir='ltr'>hereditate,</span> <span class='ocrx_word' id='word_1_34' title='bbox 755 714 899 803; x_wconf 87' lang='lat' dir='ltr'>itemque</span> <span class='ocrx_word' id='word_1_35' title='bbox 919 715 957 783; x_wconf 91' lang='lat' dir='ltr'>in</span> <span class='ocrx_word' id='word_1_36' title='bbox 976 732 1148 807; x_wconf 75' lang='lat' dir='ltr'>postrema</span> <span class='ocrx_word' id='word_1_37' title='bbox 1167 716 1208 783; x_wconf 89' lang='lat' dir='ltr'>de</span> 
     </span>
     <span class='ocr_line' id='line_1_6' title="bbox 129 811 1208 911; baseline -0.007 -21"><span class='ocrx_word' id='word_1_38' title='bbox 129 821 296 910; x_wconf 83' lang='lat' dir='ltr'>Hagniae.</span> <span class='ocrx_word' id='word_1_39' title='bbox 338 817 527 911; x_wconf 88' lang='lat' dir='ltr'>Propositio</span> <span class='ocrx_word' id='word_1_40' title='bbox 539 833 649 884; x_wconf 83' lang='lat' dir='ltr'>autem</span> <span class='ocrx_word' id='word_1_41' title='bbox 664 811 851 903; x_wconf 78' lang='grc' dir='ltr'><strong><em>πειράσομαι</em></strong></span> <span class='ocrx_word' id='word_1_42' title='bbox 869 814 902 882; x_wconf 77' lang='grc' dir='ltr'>δ’</span> <span class='ocrx_word' id='word_1_43' title='bbox 919 814 994 900; x_wconf 60' lang='lat' dir='ltr'>datr</span> <span class='ocrx_word' id='word_1_44' title='bbox 1007 817 1208 896; x_wconf 68' lang='grc' dir='ltr'>ἐπιδεῖξαι-ι</span> 
     </span>
     <span class='ocr_line' id='line_1_7' title="bbox 130 918 1208 1013; baseline -0.002 -23"><span class='ocrx_word' id='word_1_45' title='bbox 130 948 234 1013; x_wconf 91' lang='lat' dir='ltr'>quum</span> <span class='ocrx_word' id='word_1_46' title='bbox 261 936 415 1009; x_wconf 85' lang='lat' dir='ltr'>quattuor</span> <span class='ocrx_word' id='word_1_47' title='bbox 440 943 494 986; x_wconf 89' lang='lat' dir='ltr'>res</span> <span class='ocrx_word' id='word_1_48' title='bbox 527 918 697 985; x_wconf 88' lang='lat' dir='ltr'>ostendere</span> <span class='ocrx_word' id='word_1_49' title='bbox 718 918 871 987; x_wconf 82' lang='lat' dir='ltr'>videatur</span> <span class='ocrx_word' id='word_1_50' title='bbox 891 942 973 1004; x_wconf 90' lang='lat' dir='ltr'>qnae</span> <span class='ocrx_word' id='word_1_51' title='bbox 994 935 1110 988; x_wconf 78' lang='lat' dir='ltr'>orator</span> <span class='ocrx_word' id='word_1_52' title='bbox 1128 943 1208 1010; x_wconf 65' lang='lat' dir='ltr'>prce·</span> 
     </span>
     <span class='ocr_line' id='line_1_8' title="bbox 130 1019 1209 1113; baseline -0.007 -18"><span class='ocrx_word' id='word_1_53' title='bbox 130 1024 269 1095; x_wconf 78' lang='lat' dir='ltr'>baturus</span> <span class='ocrx_word' id='word_1_54' title='bbox 280 1023 343 1113; x_wconf 89' lang='lat' dir='ltr'>sit,</span> <span class='ocrx_word' id='word_1_55' title='bbox 369 1047 406 1089; x_wconf 91' lang='lat' dir='ltr'>re</span> <span class='ocrx_word' id='word_1_56' title='bbox 419 1037 528 1088; x_wconf 88' lang='lat' dir='ltr'>tamen</span> <span class='ocrx_word' id='word_1_57' title='bbox 549 1042 630 1087; x_wconf 82' lang='lat' dir='ltr'>vere</span> <span class='ocrx_word' id='word_1_58' title='bbox 646 1019 727 1086; x_wconf 86' lang='lat' dir='ltr'>duas</span> <span class='ocrx_word' id='word_1_59' title='bbox 741 1034 870 1086; x_wconf 85' lang='lat' dir='ltr'>tautum</span> <span class='ocrx_word' id='word_1_60' title='bbox 892 1020 1079 1109; x_wconf 66' lang='lat' dir='ltr'>significate¹</span> <span class='ocrx_word' id='word_1_61' title='bbox 1103 1044 1209 1109; x_wconf 85' lang='lat' dir='ltr'>neque</span> 
     </span>
     <span class='ocr_line' id='line_1_9' title="bbox 131 1119 1209 1214; baseline -0.005 -19"><span class='ocrx_word' id='word_1_62' title='bbox 131 1140 287 1197; x_wconf 84' lang='lat' dir='ltr'>testatum</span> <span class='ocrx_word' id='word_1_63' title='bbox 308 1147 378 1191; x_wconf 88' lang='lat' dir='ltr'>esse</span> <span class='ocrx_word' id='word_1_64' title='bbox 391 1121 631 1214; x_wconf 80' lang='lat' dir='ltr'>Astypbilum,</span> <span class='ocrx_word' id='word_1_65' title='bbox 662 1135 694 1187; x_wconf 92' lang='lat' dir='ltr'>et</span> <span class='ocrx_word' id='word_1_66' title='bbox 714 1120 780 1187; x_wconf 88' lang='lat' dir='ltr'>sibi</span> <span class='ocrx_word' id='word_1_67' title='bbox 801 1119 912 1209; x_wconf 82' lang='lat' dir='ltr'>potitis</span> <span class='ocrx_word' id='word_1_68' title='bbox 932 1146 1032 1210; x_wconf 83' lang='lat' dir='ltr'>qnam</span> <span class='ocrx_word' id='word_1_69' title='bbox 1052 1122 1209 1210; x_wconf 83' lang='lat' dir='ltr'>cuiquam</span> 
     </span>
     <span class='ocr_line' id='line_1_10' title="bbox 133 1220 1208 1316; baseline -0.007 -19"><span class='ocrx_word' id='word_1_70' title='bbox 133 1227 195 1297; x_wconf 80' lang='lat' dir='ltr'>ulii</span> <span class='ocrx_word' id='word_1_71' title='bbox 216 1227 304 1294; x_wconf 87' lang='lat' dir='ltr'>bona</span> <span class='ocrx_word' id='word_1_72' title='bbox 332 1224 403 1316; x_wconf 88' lang='lat' dir='ltr'>ejus</span> <span class='ocrx_word' id='word_1_73' title='bbox 431 1221 617 1316; x_wconf 85' lang='lat' dir='ltr'>adjudicari</span> <span class='ocrx_word' id='word_1_74' title='bbox 638 1222 770 1290; x_wconf 88' lang='lat' dir='ltr'>debere.</span> <span class='ocrx_word' id='word_1_75' title='bbox 812 1220 926 1310; x_wconf 82' lang='lat' dir='ltr'>Neque</span> <span class='ocrx_word' id='word_1_76' title='bbox 947 1223 1038 1291; x_wconf 90' lang='lat' dir='ltr'>enim</span> <span class='ocrx_word' id='word_1_77' title='bbox 1057 1223 1208 1312; x_wconf 75' lang='lat' dir='ltr'>singult-</span> 
     </span>
     <span class='ocr_line' id='line_1_11' title="bbox 133 1324 1208 1415; baseline -0.004 -18"><span class='ocrx_word' id='word_1_78' title='bbox 133 1329 196 1397; x_wconf 90' lang='lat' dir='ltr'>tim</span> <span class='ocrx_word' id='word_1_79' title='bbox 217 1329 300 1395; x_wconf 88' lang='lat' dir='ltr'>baec</span> <span class='ocrx_word' id='word_1_80' title='bbox 320 1325 386 1393; x_wconf 86' lang='lat' dir='ltr'>trie</span> <span class='ocrx_word' id='word_1_81' title='bbox 399 1326 598 1415; x_wconf 75' lang='lat' dir='ltr'>probaturus</span> <span class='ocrx_word' id='word_1_82' title='bbox 619 1339 685 1395; x_wconf 79' lang='lat' dir='ltr'>est:</span> <span class='ocrx_word' id='word_1_83' title='bbox 715 1347 785 1391; x_wconf 92' lang='lat' dir='ltr'>non</span> <span class='ocrx_word' id='word_1_84' title='bbox 800 1324 973 1414; x_wconf 86' lang='lat' dir='ltr'>adoptasse</span> <span class='ocrx_word' id='word_1_85' title='bbox 994 1325 1094 1393; x_wconf 78' lang='lat' dir='ltr'>illurn</span> <span class='ocrx_word' id='word_1_86' title='bbox 1101 1373 1114 1412; x_wconf 93' lang='lat'>,</span> <span class='ocrx_word' id='word_1_87' title='bbox 1143 1350 1208 1393; x_wconf 95' lang='lat' dir='ltr'>non</span> 
     </span>
     <span class='ocr_line' id='line_1_12' title="bbox 135 1425 1208 1514; baseline -0.001 -16"><span class='ocrx_word' id='word_1_88' title='bbox 135 1431 275 1498; x_wconf 82' lang='lat' dir='ltr'>donasse</span> <span class='ocrx_word' id='word_1_89' title='bbox 303 1427 459 1514; x_wconf 81' lang='lat' dir='ltr'>cuiquem</span> <span class='ocrx_word' id='word_1_90' title='bbox 489 1428 577 1494; x_wconf 87' lang='lat' dir='ltr'>bona</span> <span class='ocrx_word' id='word_1_91' title='bbox 605 1449 686 1513; x_wconf 90' lang='lat' dir='ltr'>sna,</span> <span class='ocrx_word' id='word_1_92' title='bbox 714 1450 782 1492; x_wconf 91' lang='lat' dir='ltr'>non</span> <span class='ocrx_word' id='word_1_93' title='bbox 810 1425 952 1513; x_wconf 86' lang='lat' dir='ltr'>denique</span> <span class='ocrx_word' id='word_1_94' title='bbox 980 1441 1208 1498; x_wconf 72' lang='lat' dir='ltr'>testamentum</span> 
     </span>
     <span class='ocr_line' id='line_1_13' title="bbox 134 1517 1206 1621; baseline -0.004 -23"><span class='ocrx_word' id='word_1_95' title='bbox 134 1529 327 1618; x_wconf 82' lang='lat' dir='ltr'>reliquisse3</span> <span class='ocrx_word' id='word_1_96' title='bbox 363 1529 421 1595; x_wconf 86' lang='lat' dir='ltr'>sed</span> <span class='ocrx_word' id='word_1_97' title='bbox 436 1517 514 1595; x_wconf 53' lang='lat' dir='ltr'>‘hoc</span> <span class='ocrx_word' id='word_1_98' title='bbox 539 1551 664 1613; x_wconf 90' lang='lat' dir='ltr'>unum,</span> <span class='ocrx_word' id='word_1_99' title='bbox 699 1527 786 1616; x_wconf 83' lang='lat' dir='ltr'>quod</span> <span class='ocrx_word' id='word_1_100' title='bbox 807 1542 973 1617; x_wconf 88' lang='lat' dir='ltr'>postremo</span> <span class='ocrx_word' id='word_1_101' title='bbox 1000 1530 1076 1596; x_wconf 90' lang='lat' dir='ltr'>loco</span> <span class='ocrx_word' id='word_1_102' title='bbox 1103 1526 1206 1621; x_wconf 88' lang='lat' dir='ltr'>posui,</span> 
     </span>
     <span class='ocr_line' id='line_1_14' title="bbox 55 1629 1207 1726; baseline -0.004 -25"><span class='ocrx_word' id='word_1_103' title='bbox 55 1687 61 1701; x_wconf 83' lang='grc'><strong>.</strong></span> <span class='ocrx_word' id='word_1_104' title='bbox 133 1655 201 1721; x_wconf 88' lang='lat' dir='ltr'>quo</span> <span class='ocrx_word' id='word_1_105' title='bbox 220 1632 359 1726; x_wconf 89' lang='lat' dir='ltr'>probato</span> <span class='ocrx_word' id='word_1_106' title='bbox 379 1631 441 1696; x_wconf 91' lang='lat' dir='ltr'>illa</span> <span class='ocrx_word' id='word_1_107' title='bbox 456 1653 604 1717; x_wconf 87' lang='lat' dir='ltr'>quoque,</span> <span class='ocrx_word' id='word_1_108' title='bbox 634 1652 718 1717; x_wconf 84' lang='lat' dir='ltr'>quae</span> <span class='ocrx_word' id='word_1_109' title='bbox 730 1631 794 1698; x_wconf 88' lang='lat' dir='ltr'>hoc</span> <span class='ocrx_word' id='word_1_110' title='bbox 815 1629 1044 1716; x_wconf 86' lang='lat' dir='ltr'>continentur,</span> <span class='ocrx_word' id='word_1_111' title='bbox 1076 1632 1207 1721; x_wconf 82' lang='lat' dir='ltr'>probate</span> 
     </span>
     <span class='ocr_line' id='line_1_15' title="bbox 106 1731 1207 1822; baseline 0 -21"><span class='ocrx_word' id='word_1_112' title='bbox 106 1804 109 1811; x_wconf 26' lang='lat'><strong>⁴</strong></span> <span class='ocrx_word' id='word_1_113' title='bbox 135 1756 206 1818; x_wconf 85' lang='lat' dir='ltr'>esse</span> <span class='ocrx_word' id='word_1_114' title='bbox 236 1731 389 1822; x_wconf 85' lang='lat' dir='ltr'>apparet,</span> <span class='ocrx_word' id='word_1_115' title='bbox 424 1731 543 1821; x_wconf 88' lang='lat' dir='ltr'>quippe</span> <span class='ocrx_word' id='word_1_116' title='bbox 570 1755 672 1818; x_wconf 87' lang='lat' dir='ltr'>quum</span> <span class='ocrx_word' id='word_1_117' title='bbox 699 1754 769 1798; x_wconf 94' lang='lat' dir='ltr'>non</span> <span class='ocrx_word' id='word_1_118' title='bbox 795 1731 893 1798; x_wconf 89' lang='lat' dir='ltr'>aliter</span> <span class='ocrx_word' id='word_1_119' title='bbox 920 1731 988 1800; x_wconf 85' lang='lat' dir='ltr'>nisi</span> <span class='ocrx_word' id='word_1_120' title='bbox 1017 1745 1207 1801; x_wconf 81' lang='lat' dir='ltr'>testamento</span> 
     </span>
     <span class='ocr_line' id='line_1_16' title="bbox 136 1828 1208 1925; baseline -0.001 -24"><span class='ocrx_word' id='word_1_121' title='bbox 136 1835 328 1925; x_wconf 89' lang='lat' dir='ltr'>adoptatum</span> <span class='ocrx_word' id='word_1_122' title='bbox 350 1828 486 1900; x_wconf 80' lang='lat' dir='ltr'>Cleonis</span> <span class='ocrx_word' id='word_1_123' title='bbox 516 1832 626 1898; x_wconf 88' lang='lat' dir='ltr'>filium</span> <span class='ocrx_word' id='word_1_124' title='bbox 653 1832 894 1922; x_wconf 76' lang='lat' dir='ltr'>pecuniamque</span> <span class='ocrx_word' id='word_1_125' title='bbox 915 1832 947 1906; x_wconf 83' lang='lat' dir='ltr'>ei</span> <span class='ocrx_word' id='word_1_126' title='bbox 967 1833 1122 1911; x_wconf 80' lang='lat' dir='ltr'>relictam</span> <span class='ocrx_word' id='word_1_127' title='bbox 1142 1854 1208 1900; x_wconf 81' lang='lat' dir='ltr'>esst</span> 
     </span>
     <span class='ocr_line' id='line_1_17' title="bbox 138 1930 1209 2025; baseline -0.005 -20"><span class='ocrx_word' id='word_1_128' title='bbox 138 1934 323 2005; x_wconf 79' lang='lat' dir='ltr'>adversarii</span> <span class='ocrx_word' id='word_1_129' title='bbox 345 1934 554 2001; x_wconf 83' lang='lat' dir='ltr'>contendant.</span> <span class='ocrx_word' id='word_1_130' title='bbox 599 1930 666 2000; x_wconf 86' lang='lat' dir='ltr'>Sed</span> <span class='ocrx_word' id='word_1_131' title='bbox 686 1933 839 2024; x_wconf 90' lang='lat' dir='ltr'>pluribus</span> <span class='ocrx_word' id='word_1_132' title='bbox 860 1932 970 2003; x_wconf 85' lang='lat' dir='ltr'>modis</span> <span class='ocrx_word' id='word_1_133' title='bbox 990 1940 1024 2001; x_wconf 87' lang='lat' dir='ltr'>et</span> <span class='ocrx_word' id='word_1_134' title='bbox 1040 1935 1136 2022; x_wconf 89' lang='lat' dir='ltr'>qnasi</span> <span class='ocrx_word' id='word_1_135' title='bbox 1154 1956 1209 2025; x_wconf 82' lang='lat' dir='ltr'>pes</span> 
     </span>
     <span class='ocr_line' id='line_1_18' title="bbox 57 2034 1210 2129; baseline -0.002 -25"><span class='ocrx_word' id='word_1_136' title='bbox 57 2111 61 2118; x_wconf 47' lang='grc'><em>,</em></span> <span class='ocrx_word' id='word_1_137' title='bbox 136 2053 247 2128; x_wconf 88' lang='lat' dir='ltr'>partes</span> <span class='ocrx_word' id='word_1_138' title='bbox 263 2035 401 2103; x_wconf 89' lang='lat' dir='ltr'>eandem</span> <span class='ocrx_word' id='word_1_139' title='bbox 419 2059 493 2103; x_wconf 90' lang='lat' dir='ltr'>rem</span> <span class='ocrx_word' id='word_1_140' title='bbox 508 2034 686 2121; x_wconf 80' lang='lat' dir='ltr'>eloquitur,</span> <span class='ocrx_word' id='word_1_141' title='bbox 710 2058 774 2123; x_wconf 91' lang='lat' dir='ltr'>quo</span> <span class='ocrx_word' id='word_1_142' title='bbox 781 2035 937 2105; x_wconf 89' lang='lat' dir='ltr'>disertius</span> <span class='ocrx_word' id='word_1_143' title='bbox 949 2036 1037 2103; x_wconf 90' lang='lat' dir='ltr'>nihil</span> <span class='ocrx_word' id='word_1_144' title='bbox 1050 2038 1149 2126; x_wconf 90' lang='lat' dir='ltr'>plane</span> <span class='ocrx_word' id='word_1_145' title='bbox 1161 2035 1210 2129; x_wconf 87' lang='lat' dir='ltr'>ju·</span> 
     </span>
     <span class='ocr_line' id='line_1_19' title="bbox 137 2134 1211 2226; baseline -0.004 -19"><span class='ocrx_word' id='word_1_146' title='bbox 137 2136 394 2207; x_wconf 82' lang='lat' dir='ltr'>risadversariis</span> <span class='ocrx_word' id='word_1_147' title='bbox 408 2150 592 2226; x_wconf 80' lang='lat' dir='ltr'>competere</span> <span class='ocrx_word' id='word_1_148' title='bbox 602 2136 831 2224; x_wconf 69' lang='lat' dir='ltr'>significet-</span> <span class='ocrx_word' id='word_1_149' title='bbox 843 2134 1039 2221; x_wconf 78' lang='grc' dir='ltr'><strong><em>Μιτυλήνην,</em></strong></span> <span class='ocrx_word' id='word_1_150' title='bbox 1058 2136 1211 2226; x_wconf 88' lang='lat' dir='ltr'>quemad·</span> 
     </span>
     <span class='ocr_line' id='line_1_20' title="bbox 138 2236 1212 2327; baseline -0.003 -18"><span class='ocrx_word' id='word_1_151' title='bbox 138 2239 275 2309; x_wconf 89' lang='lat' dir='ltr'>modum</span> <span class='ocrx_word' id='word_1_152' title='bbox 288 2239 327 2305; x_wconf 92' lang='lat' dir='ltr'>in</span> <span class='ocrx_word' id='word_1_153' title='bbox 340 2238 508 2311; x_wconf 83' lang='lat' dir='ltr'>codicibus</span> <span class='ocrx_word' id='word_1_154' title='bbox 519 2260 587 2305; x_wconf 92' lang='lat' dir='ltr'>non</span> <span class='ocrx_word' id='word_1_155' title='bbox 601 2240 709 2305; x_wconf 88' lang='lat' dir='ltr'>solum</span> <span class='ocrx_word' id='word_1_156' title='bbox 718 2236 804 2306; x_wconf 82' lang='lat' dir='ltr'>lseei</span> <span class='ocrx_word' id='word_1_157' title='bbox 820 2238 877 2305; x_wconf 90' lang='lat' dir='ltr'>sed</span> <span class='ocrx_word' id='word_1_158' title='bbox 888 2253 1074 2306; x_wconf 90' lang='lat' dir='ltr'>ceterorum</span> <span class='ocrx_word' id='word_1_159' title='bbox 1088 2261 1212 2327; x_wconf 88' lang='lat' dir='ltr'>qnoque</span> 
     </span>
     <span class='ocr_line' id='line_1_21' title="bbox 139 2334 1232 2460; baseline -0.005 -49"><span class='ocrx_word' id='word_1_160' title='bbox 139 2341 338 2430; x_wconf 85' lang='lat' dir='ltr'>scriptorum</span> <span class='ocrx_word' id='word_1_161' title='bbox 365 2340 488 2427; x_wconf 80' lang='lat' dir='ltr'>ubique</span> <span class='ocrx_word' id='word_1_162' title='bbox 509 2341 579 2406; x_wconf 86' lang='lat' dir='ltr'>sere</span> <span class='ocrx_word' id='word_1_163' title='bbox 605 2340 751 2427; x_wconf 83' lang='lat' dir='ltr'>legitur,</span> <span class='ocrx_word' id='word_1_164' title='bbox 782 2334 851 2406; x_wconf 86' lang='lat' dir='ltr'>non</span> <span class='ocrx_word' id='word_1_165' title='bbox 871 2341 985 2430; x_wconf 88' lang='lat' dir='ltr'>putavi</span> <span class='ocrx_word' id='word_1_166' title='bbox 1006 2342 1232 2460; x_wconf 61' lang='lat' dir='ltr'>mutandum,</span> 
     </span>
    </p>

    <p class='ocr_par' dir='ltr' id='par_1_3' title="bbox 43 2430 1216 2837">
     <span class='ocr_line' id='line_1_22' title="bbox 43 2430 1213 2525; baseline -0.003 -12"><span class='ocrx_word' id='word_1_167' title='bbox 43 2430 46 2439; x_wconf 52' lang='grc'><strong><em>’</em></strong></span> <span class='ocrx_word' id='word_1_168' title='bbox 139 2442 220 2513; x_wconf 88' lang='lat' dir='ltr'>licet</span> <span class='ocrx_word' id='word_1_169' title='bbox 252 2444 391 2509; x_wconf 88' lang='lat' dir='ltr'>alteram</span> <span class='ocrx_word' id='word_1_170' title='bbox 418 2441 562 2508; x_wconf 87' lang='lat' dir='ltr'>lormam</span> <span class='ocrx_word' id='word_1_171' title='bbox 583 2439 770 2525; x_wconf 79' lang='grc' dir='ltr'><strong><em>Μυτιλήνην</em></strong></span> <span class='ocrx_word' id='word_1_172' title='bbox 798 2442 978 2509; x_wconf 82' lang='lat' dir='ltr'>veriorem</span> <span class='ocrx_word' id='word_1_173' title='bbox 994 2466 1067 2510; x_wconf 84' lang='lat' dir='ltr'>esse</span> <span class='ocrx_word' id='word_1_174' title='bbox 1088 2440 1213 2509; x_wconf 87' lang='lat' dir='ltr'>nummi</span> 
     </span>
     <span class='ocr_line' id='line_1_23' title="bbox 140 2542 1215 2634; baseline 0 -22"><span class='ocrx_word' id='word_1_175' title='bbox 140 2560 174 2612; x_wconf 92' lang='lat' dir='ltr'>et</span> <span class='ocrx_word' id='word_1_176' title='bbox 194 2543 427 2634; x_wconf 71' lang='lat' dir='ltr'>inscriptiones</span> <span class='ocrx_word' id='word_1_177' title='bbox 449 2543 528 2611; x_wconf 88' lang='lat' dir='ltr'>satis</span> <span class='ocrx_word' id='word_1_178' title='bbox 549 2543 794 2628; x_wconf 79' lang='lat' dir='ltr'>demonstrent,</span> <span class='ocrx_word' id='word_1_179' title='bbox 823 2567 959 2631; x_wconf 90' lang='lat' dir='ltr'>eamque</span> <span class='ocrx_word' id='word_1_180' title='bbox 979 2542 1192 2612; x_wconf 79' lang='lat' dir='ltr'>Bek&#39;kerus&#39;</span> <span class='ocrx_word' id='word_1_181' title='bbox 1181 2564 1215 2611; x_wconf 87' lang='grc' dir='ltr'>ιιι</span> 
     </span>
     <span class='ocr_line' id='line_1_24' title="bbox 139 2642 1215 2739; baseline -0.003 -22.997"><span class='ocrx_word' id='word_1_182' title='bbox 139 2645 364 2739; x_wconf 69' lang='lat' dir='ltr'>Thucydide,</span> <span class='ocrx_word' id='word_1_183' title='bbox 391 2642 555 2732; x_wconf 82' lang='lat' dir='ltr'>ls&#39;ocrate,</span> <span class='ocrx_word' id='word_1_184' title='bbox 585 2643 832 2729; x_wconf 86' lang='lat' dir='ltr'>Demosthene,</span> <span class='ocrx_word' id='word_1_185' title='bbox 861 2644 1102 2713; x_wconf 83' lang='lat' dir='ltr'>Gaisfordins</span> <span class='ocrx_word' id='word_1_186' title='bbox 1090 2670 1128 2712; x_wconf 82' lang='lat' dir='ltr'>tn</span> <span class='ocrx_word' id='word_1_187' title='bbox 1149 2644 1215 2713; x_wconf 85' lang='lat' dir='ltr'>lle-</span> 
     </span>
     <span class='ocr_line' id='line_1_25' title="bbox 140 2745 1216 2837; baseline -0.003 -22"><span class='ocrx_word' id='word_1_188' title='bbox 140 2748 259 2815; x_wconf 86' lang='lat' dir='ltr'>rodoto</span> <span class='ocrx_word' id='word_1_189' title='bbox 282 2745 456 2833; x_wconf 78' lang='lat' dir='ltr'>aliquoties</span> <span class='ocrx_word' id='word_1_190' title='bbox 479 2746 580 2812; x_wconf 87' lang='lat' dir='ltr'>etiam</span> <span class='ocrx_word' id='word_1_191' title='bbox 601 2761 714 2813; x_wconf 84' lang='lat' dir='ltr'>contre</span> <span class='ocrx_word' id='word_1_192' title='bbox 734 2747 885 2812; x_wconf 89' lang='lat' dir='ltr'>codicum</span> <span class='ocrx_word' id='word_1_193' title='bbox 902 2770 1099 2814; x_wconf 88' lang='lat' dir='ltr'>consensum</span> <span class='ocrx_word' id='word_1_194' title='bbox 1123 2769 1216 2837; x_wconf 90' lang='lat' dir='ltr'>repo·</span> 
     </span>
    </p>
   </div>
   <div class='ocr_carea' id='block_1_3' title="bbox 35 2847 1216 2933">
    <p class='ocr_par' dir='ltr' id='par_1_4' title="bbox 35 2847 1216 2933">
     <span class='ocr_line' id='line_1_26' title="bbox 35 2847 1216 2933; baseline 0.001 -17"><span class='ocrx_word' id='word_1_195' title='bbox 35 2854 37 2858; x_wconf 81' lang='grc'><strong>’</strong></span> <span class='ocrx_word' id='word_1_196' title='bbox 141 2848 280 2916; x_wconf 86' lang='lat' dir='ltr'>suerint.</span> <span class='ocrx_word' id='word_1_197' title='bbox 333 2847 514 2933; x_wconf 87' lang='lat' dir='ltr'>Utriusque</span> <span class='ocrx_word' id='word_1_198' title='bbox 544 2849 672 2914; x_wconf 88' lang='lat' dir='ltr'>formae</span> <span class='ocrx_word' id='word_1_199' title='bbox 703 2849 911 2915; x_wconf 83' lang='lat' dir='ltr'>auctoritates</span> <span class='ocrx_word' id='word_1_200' title='bbox 942 2847 1034 2930; x_wconf 67' lang='lat' dir='ltr'>vid„</span> <span class='ocrx_word' id='word_1_201' title='bbox 1066 2862 1104 2914; x_wconf 88' lang='lat' dir='ltr'>nt</span> <span class='ocrx_word' id='word_1_202' title='bbox 1137 2848 1216 2917; x_wconf 86' lang='lat' dir='ltr'>aliot</span> 
     </span>
    </p>
   </div>
   <div class='ocr_carea' id='block_1_4' title="bbox 142 2947 1219 3234">
    <p class='ocr_par' dir='ltr' id='par_1_5' title="bbox 142 2947 1219 3218">
     <span class='ocr_line' id='line_1_27' title="bbox 142 2947 1217 3041; baseline -0.001 -23"><span class='ocrx_word' id='word_1_203' title='bbox 142 2949 294 3028; x_wconf 87' lang='lat' dir='ltr'>mittam,</span> <span class='ocrx_word' id='word_1_204' title='bbox 334 2971 388 3038; x_wconf 90' lang='lat' dir='ltr'>ap.</span> <span class='ocrx_word' id='word_1_205' title='bbox 411 2949 592 3015; x_wconf 90' lang='lat' dir='ltr'>Plehuium</span> <span class='ocrx_word' id='word_1_206' title='bbox 619 2949 858 3017; x_wconf 88' lang='lat' dir='ltr'>Lesbiacorum</span> <span class='ocrx_word' id='word_1_207' title='bbox 887 2974 960 3041; x_wconf 87' lang='lat' dir='ltr'>cap.</span> <span class='ocrx_word' id='word_1_208' title='bbox 982 2947 1001 3015; x_wconf 84' lang='lat' dir='ltr'>l</span> <span class='ocrx_word' id='word_1_209' title='bbox 1027 2975 1062 3039; x_wconf 85' lang='lat' dir='ltr'>p.</span> <span class='ocrx_word' id='word_1_210' title='bbox 1085 2953 1130 3017; x_wconf 87' lang='grc'>10</span> <span class='ocrx_word' id='word_1_211' title='bbox 1151 2972 1217 3037; x_wconf 89' lang='lat' dir='ltr'>sqq</span> 
     </span>
     <span class='ocr_line' id='line_1_28' title="bbox 142 3049 1219 3164; baseline -0.004 -45"><span class='ocrx_word' id='word_1_212' title='bbox 142 3049 197 3119; x_wconf 90' lang='lat' dir='ltr'>De</span> <span class='ocrx_word' id='word_1_213' title='bbox 218 3049 461 3117; x_wconf 77' lang='lat' dir='ltr'>constructione</span> <span class='ocrx_word' id='word_1_214' title='bbox 481 3055 545 3117; x_wconf 81' lang='grc' dir='ltr'>τῶν</span> <span class='ocrx_word' id='word_1_215' title='bbox 573 3052 616 3128; x_wconf 77' lang='grc' dir='ltr'>εἰς</span> <span class='ocrx_word' id='word_1_216' title='bbox 636 3050 823 3137; x_wconf 77' lang='grc' dir='ltr'>Μιτυλήνην</span> <span class='ocrx_word' id='word_1_217' title='bbox 844 3056 1045 3164; x_wconf 76' lang='grc' dir='ltr'>στρατιωτῶν</span> <span class='ocrx_word' id='word_1_218' title='bbox 1066 3075 1166 3119; x_wconf 88' lang='lat' dir='ltr'>nemo</span> <span class='ocrx_word' id='word_1_219' title='bbox 1186 3071 1219 3118; x_wconf 86' lang='lat' dir='ltr'>se</span> 
     </span>
     <span class='ocr_line' id='line_1_29' title="bbox 145 3151 379 3234; baseline 0 -18"><span class='ocrx_word' id='word_1_220' title='bbox 145 3151 257 3234; x_wconf 86' lang='lat' dir='ltr'>doceri</span> <span class='ocrx_word' id='word_1_221' title='bbox 277 3152 379 3218; x_wconf 88' lang='lat' dir='ltr'>volet.</span> 
     </span>
    </p>
   </div>
   <div class='ocr_carea' id='block_1_5' title="bbox 230 3249 1219 3340">
    <p class='ocr_par' dir='ltr' id='par_1_6' title="bbox 230 3249 1219 3340">
     <span class='ocr_line' id='line_1_30' title="bbox 230 3249 1219 3340; baseline 0.003 -24"><span class='ocrx_word' id='word_1_222' title='bbox 230 3251 268 3340; x_wconf 83' lang='lat'>§.</span> <span class='ocrx_word' id='word_1_223' title='bbox 290 3254 324 3320; x_wconf 79' lang='lat'>2.</span> <span class='ocrx_word' id='word_1_224' title='bbox 356 3249 435 3318; x_wconf 81' lang='grc' dir='ltr'><strong><em>ὥστε</em></strong></span> <span class='ocrx_word' id='word_1_225' title='bbox 456 3251 609 3338; x_wconf 64' lang='lat' dir='ltr'>strepis</span> <span class='ocrx_word' id='word_1_226' title='bbox 631 3249 738 3317; x_wconf 80' lang='grc' dir='ltr'>διὰ</span> <span class='ocrx_word' id='word_1_227' title='bbox 703 3278 760 3321; x_wconf 87' lang='grc' dir='ltr'>τον</span> <span class='ocrx_word' id='word_1_228' title='bbox 785 3251 881 3339; x_wconf 77' lang='grc' dir='ltr'><strong><em>νόμον</em></strong></span> <span class='ocrx_word' id='word_1_229' title='bbox 903 3251 992 3320; x_wconf 74' lang='grc' dir='ltr'><strong><em>οὐδὲν</em></strong></span> <span class='ocrx_word' id='word_1_230' title='bbox 1011 3250 1219 3339; x_wconf 73' lang='grc' dir='ltr'><strong><em>προσήκουσιν</em></strong></span> 
     </span>
    </p>
   </div>
   <div class='ocr_carea' id='block_1_6' title="bbox 6 3352 1220 3453">
    <p class='ocr_par' dir='ltr' id='par_1_7' title="bbox 6 3352 1220 3453">
     <span class='ocr_line' id='line_1_31' title="bbox 6 3352 1220 3453; baseline -0.001 -31"><span class='ocrx_word' id='word_1_231' title='bbox 6 3440 11 3453; x_wconf 28' lang='lat' dir='ltr'>x</span> <span class='ocrx_word' id='word_1_232' title='bbox 139 3352 316 3441; x_wconf 79' lang='grc' dir='ltr'><strong><em>Ἀστνφίλῳ</em></strong></span> <span class='ocrx_word' id='word_1_233' title='bbox 341 3387 386 3403; x_wconf 84' lang='lat'>—-</span> <span class='ocrx_word' id='word_1_234' title='bbox 412 3356 543 3421; x_wconf 87' lang='lat' dir='ltr'>sublato</span> <span class='ocrx_word' id='word_1_235' title='bbox 580 3354 707 3422; x_wconf 87' lang='lat' dir='ltr'>scilicet</span> <span class='ocrx_word' id='word_1_236' title='bbox 733 3380 794 3445; x_wconf 90' lang='lat' dir='ltr'>per</span> <span class='ocrx_word' id='word_1_237' title='bbox 822 3356 1034 3445; x_wconf 89' lang='lat' dir='ltr'>adoptionem</span> <span class='ocrx_word' id='word_1_238' title='bbox 1062 3353 1220 3422; x_wconf 84' lang='lat' dir='ltr'>naturalis</span> 
     </span>
    </p>
   </div>
   <div class='ocr_carea' id='block_1_7' title="bbox 52 3447 1221 3655">
    <p class='ocr_par' dir='ltr' id='par_1_8' title="bbox 52 3447 1221 3655">
     <span class='ocr_line' id='line_1_32' title="bbox 145 3447 1221 3546; baseline 0.004 -26"><span class='ocrx_word' id='word_1_239' title='bbox 145 3454 333 3542; x_wconf 82' lang='lat' dir='ltr'>agnationis</span> <span class='ocrx_word' id='word_1_240' title='bbox 355 3452 441 3546; x_wconf 87' lang='lat' dir='ltr'>jure.</span> <span class='ocrx_word' id='word_1_241' title='bbox 487 3453 585 3523; x_wconf 84' lang='lat' dir='ltr'>Gonf.</span> <span class='ocrx_word' id='word_1_242' title='bbox 608 3454 691 3522; x_wconf 82' lang='lat' dir='ltr'>infr.</span> <span class='ocrx_word' id='word_1_243' title='bbox 712 3458 749 3544; x_wconf 54' lang='grc' dir='ltr'>ἦ.</span> <span class='ocrx_word' id='word_1_244' title='bbox 767 3460 812 3523; x_wconf 83' lang='grc'>33</span> <span class='ocrx_word' id='word_1_245' title='bbox 833 3473 865 3523; x_wconf 89' lang='lat' dir='ltr'>et</span> <span class='ocrx_word' id='word_1_246' title='bbox 882 3459 921 3524; x_wconf 89' lang='lat' dir='ltr'>de</span> <span class='ocrx_word' id='word_1_247' title='bbox 935 3447 1128 3526; x_wconf 79' lang='lat' dir='ltr'>Aristarch.</span> <span class='ocrx_word' id='word_1_248' title='bbox 1151 3458 1221 3524; x_wconf 77' lang='lat' dir='ltr'>her·</span> 
     </span>
     <span class='ocr_line' id='line_1_33' title="bbox 52 3555 934 3655; baseline 0.003 -33"><span class='ocrx_word' id='word_1_249' title='bbox 52 3650 54 3655; x_wconf 20' lang='grc' dir='ltr'>Ι</span> <span class='ocrx_word' id='word_1_250' title='bbox 100 3590 103 3595; x_wconf 55' lang='grc'><em>’</em></span> <span class='ocrx_word' id='word_1_251' title='bbox 146 3556 184 3645; x_wconf 55' lang='grc' dir='ltr'>ᾗ.</span> <span class='ocrx_word' id='word_1_252' title='bbox 206 3555 240 3623; x_wconf 77' lang='lat' dir='ltr'>l.</span> <span class='ocrx_word' id='word_1_253' title='bbox 264 3555 441 3622; x_wconf 84' lang='lat' dir='ltr'>Demosth.</span> <span class='ocrx_word' id='word_1_254' title='bbox 464 3570 525 3623; x_wconf 84' lang='lat' dir='ltr'>ctr.</span> <span class='ocrx_word' id='word_1_255' title='bbox 547 3555 676 3622; x_wconf 56' lang='lat' dir='ltr'>Leochss</span> <span class='ocrx_word' id='word_1_256' title='bbox 696 3583 730 3647; x_wconf 87' lang='lat' dir='ltr'>p.</span> <span class='ocrx_word' id='word_1_257' title='bbox 755 3559 841 3624; x_wconf 85' lang='lat'>1087</span> <span class='ocrx_word' id='word_1_258' title='bbox 861 3574 934 3647; x_wconf 81' lang='lat' dir='ltr'>sq.¹</span> 
     </span>
    </p>
   </div>
   <div class='ocr_carea' id='block_1_8' title="bbox 146 3654 1223 3952">
    <p class='ocr_par' dir='ltr' id='par_1_9' title="bbox 146 3654 1223 3952">
     <span class='ocr_line' id='line_1_34' title="bbox 183 3654 1223 3749; baseline -0.001 -25"><span class='ocrx_word' id='word_1_259' title='bbox 183 3677 188 3683; x_wconf 84' lang='grc'><em>·</em></span> <span class='ocrx_word' id='word_1_260' title='bbox 232 3656 269 3745; x_wconf 58' lang='grc' dir='ltr'><em>ᾧ</em></span> <span class='ocrx_word' id='word_1_261' title='bbox 291 3661 325 3724; x_wconf 83' lang='grc'>3.</span> <span class='ocrx_word' id='word_1_262' title='bbox 345 3657 399 3735; x_wconf 48' lang='grc' dir='ltr'>,εἲς</span> <span class='ocrx_word' id='word_1_263' title='bbox 425 3654 460 3721; x_wconf 82' lang='grc' dir='ltr'>τὸ</span> <span class='ocrx_word' id='word_1_264' title='bbox 486 3659 603 3743; x_wconf 76' lang='grc' dir='ltr'><strong><em>χωρίον</em></strong></span> <span class='ocrx_word' id='word_1_265' title='bbox 631 3656 817 3739; x_wconf 62' lang='lat' dir='ltr'>trecarum.</span> <span class='ocrx_word' id='word_1_266' title='bbox 860 3659 937 3726; x_wconf 88' lang='lat' dir='ltr'>Hoc</span> <span class='ocrx_word' id='word_1_267' title='bbox 958 3683 1026 3726; x_wconf 93' lang='lat' dir='ltr'>non</span> <span class='ocrx_word' id='word_1_268' title='bbox 1047 3658 1148 3726; x_wconf 89' lang='lat' dir='ltr'>licuit</span> <span class='ocrx_word' id='word_1_269' title='bbox 1168 3679 1223 3749; x_wconf 85' lang='lat' dir='ltr'>per</span> 
     </span>
     <span class='ocr_line' id='line_1_35' title="bbox 146 3757 1222 3850; baseline 0.003 -27"><span class='ocrx_word' id='word_1_270' title='bbox 146 3757 238 3841; x_wconf 88' lang='lat' dir='ltr'>leges</span> <span class='ocrx_word' id='word_1_271' title='bbox 259 3757 328 3822; x_wconf 85' lang='lat' dir='ltr'>nisi</span> <span class='ocrx_word' id='word_1_272' title='bbox 348 3757 417 3824; x_wconf 85' lang='lat' dir='ltr'>suis</span> <span class='ocrx_word' id='word_1_273' title='bbox 439 3758 617 3847; x_wconf 86' lang='lat' dir='ltr'>heredibus</span> <span class='ocrx_word' id='word_1_274' title='bbox 638 3761 675 3827; x_wconf 87' lang='lat' dir='ltr'>h.</span> <span class='ocrx_word' id='word_1_275' title='bbox 699 3785 727 3828; x_wconf 88' lang='lat' dir='ltr'>e.</span> <span class='ocrx_word' id='word_1_276' title='bbox 751 3760 831 3826; x_wconf 87' lang='lat' dir='ltr'>filiis</span> <span class='ocrx_word' id='word_1_277' title='bbox 853 3762 908 3827; x_wconf 87' lang='lat' dir='ltr'>vel</span> <span class='ocrx_word' id='word_1_278' title='bbox 930 3761 1109 3850; x_wconf 83' lang='lat' dir='ltr'>nepotibus</span> <span class='ocrx_word' id='word_1_279' title='bbox 1130 3776 1222 3828; x_wconf 87' lang='lat' dir='ltr'>natu·</span> 
     </span>
     <span class='ocr_line' id='line_1_36' title="bbox 147 3858 1222 3952; baseline 0.001 -27"><span class='ocrx_word' id='word_1_280' title='bbox 147 3859 274 3939; x_wconf 82' lang='lat' dir='ltr'>salibus</span> <span class='ocrx_word' id='word_1_281' title='bbox 296 3858 403 3944; x_wconf 86' lang='lat' dir='ltr'>iisque</span> <span class='ocrx_word' id='word_1_282' title='bbox 425 3860 607 3949; x_wconf 84' lang='lat' dir='ltr'>adoptivis,</span> <span class='ocrx_word' id='word_1_283' title='bbox 638 3860 696 3948; x_wconf 88' lang='lat' dir='ltr'>qui</span> <span class='ocrx_word' id='word_1_284' title='bbox 716 3861 803 3927; x_wconf 88' lang='lat' dir='ltr'>inter</span> <span class='ocrx_word' id='word_1_285' title='bbox 824 3862 920 3928; x_wconf 87' lang='lat' dir='ltr'>vivos</span> <span class='ocrx_word' id='word_1_286' title='bbox 942 3862 1091 3952; x_wconf 88' lang='lat' dir='ltr'>adoptati</span> <span class='ocrx_word' id='word_1_287' title='bbox 1114 3876 1222 3942; x_wconf 79' lang='lat' dir='ltr'>erant3</span> 
     </span>
    </p>
   </div>
   <div class='ocr_carea' id='block_1_9' title="bbox 56 3956 1223 4267">
    <p class='ocr_par' dir='ltr' id='par_1_10' title="bbox 56 3956 1223 4267">
     <span class='ocr_line' id='line_1_37' title="bbox 148 3956 1222 4053; baseline 0.003 -29"><span class='ocrx_word' id='word_1_288' title='bbox 148 3956 206 4046; x_wconf 88' lang='lat' dir='ltr'>qui</span> <span class='ocrx_word' id='word_1_289' title='bbox 227 3973 337 4025; x_wconf 90' lang='lat' dir='ltr'>autem</span> <span class='ocrx_word' id='word_1_290' title='bbox 357 3973 550 4029; x_wconf 83' lang='lat' dir='ltr'>testamento</span> <span class='ocrx_word' id='word_1_291' title='bbox 572 3975 681 4029; x_wconf 89' lang='lat' dir='ltr'>essent</span> <span class='ocrx_word' id='word_1_292' title='bbox 702 3962 866 4052; x_wconf 87' lang='lat' dir='ltr'>adoptati,</span> <span class='ocrx_word' id='word_1_293' title='bbox 898 3964 959 4031; x_wconf 91' lang='lat' dir='ltr'>hos</span> <span class='ocrx_word' id='word_1_294' title='bbox 982 3963 1157 4053; x_wconf 72' lang='lat' dir='ltr'>dutdsscclqs</span> <span class='ocrx_word' id='word_1_295' title='bbox 1176 3958 1222 4028; x_wconf 87' lang='lat' dir='ltr'>uti</span> 
     </span>
     <span class='ocr_line' id='line_1_38' title="bbox 56 4057 1223 4156; baseline 0.003 -29"><span class='ocrx_word' id='word_1_296' title='bbox 56 4098 59 4102; x_wconf 40' lang='grc'>’</span> <span class='ocrx_word' id='word_1_297' title='bbox 149 4062 349 4149; x_wconf 55' lang='lat' dir='ltr'>oportebat„</span> <span class='ocrx_word' id='word_1_298' title='bbox 376 4057 587 4149; x_wconf 82' lang='lat' dir='ltr'>Quamquam</span> <span class='ocrx_word' id='word_1_299' title='bbox 602 4062 716 4132; x_wconf 89' lang='lat' dir='ltr'>lsaeus</span> <span class='ocrx_word' id='word_1_300' title='bbox 732 4065 773 4131; x_wconf 90' lang='lat' dir='ltr'>de</span> <span class='ocrx_word' id='word_1_301' title='bbox 784 4061 909 4156; x_wconf 86' lang='lat' dir='ltr'>Pyrrh.</span> <span class='ocrx_word' id='word_1_302' title='bbox 933 4064 1006 4131; x_wconf 85' lang='lat' dir='ltr'>her.</span> <span class='ocrx_word' id='word_1_303' title='bbox 1032 4064 1069 4153; x_wconf 82' lang='lat'>§.</span> <span class='ocrx_word' id='word_1_304' title='bbox 1085 4066 1129 4133; x_wconf 82' lang='lat'>61</span> <span class='ocrx_word' id='word_1_305' title='bbox 1150 4061 1223 4131; x_wconf 72' lang='lat' dir='ltr'>nni-</span> 
     </span>
     <span class='ocr_line' id='line_1_39' title="bbox 148 4159 1223 4267; baseline -0.001 -36"><span class='ocrx_word' id='word_1_306' title='bbox 148 4185 243 4231; x_wconf 86' lang='lat' dir='ltr'>verse</span> <span class='ocrx_word' id='word_1_307' title='bbox 271 4159 498 4267; x_wconf 41' lang='lat' dir='ltr'>loquens&#39;tdt</span> <span class='ocrx_word' id='word_1_308' title='bbox 525 4162 735 4247; x_wconf 72' lang='grc' dir='ltr'><strong><em>ἔιιιδικασίας,</em></strong></span> <span class='ocrx_word' id='word_1_309' title='bbox 765 4163 830 4252; x_wconf 83' lang='lat' dir='ltr'>ait,</span> <span class='ocrx_word' id='word_1_310' title='bbox 862 4163 892 4234; x_wconf 77' lang='lat' dir='ltr'>ol</span> <span class='ocrx_word' id='word_1_311' title='bbox 919 4164 1090 4252; x_wconf 75' lang='lat' dir='ltr'>tlcnobpsct</span> <span class='ocrx_word' id='word_1_312' title='bbox 1117 4162 1223 4240; x_wconf 72' lang='lat' dir='ltr'>ualeret</span> 
     </span>
    </p>
   </div>
   <div class='ocr_carea' id='block_1_10' title="bbox 0 0 1347 4800">
    <p class='ocr_par' dir='ltr' id='par_1_11' title="bbox 0 0 1347 4800">
     <span class='ocr_line' id='line_1_40' title="bbox 0 0 1347 4800; baseline 0 0"><span class='ocrx_word' id='word_1_313' title='bbox 0 0 1347 4800; x_wconf 95' lang='lat' dir='ltr'> </span> 
     </span>
    </p>
   </div>
  </div>
 </body>
</html>
