2632 4800
74 236 175 319 ,oso
338 280 344 293 .
468 229 517 301 us
545 226 829 317 ossnoosu

111 404 203 473 lilius
222 400 287 469 luit
299 398 498 469 Arcbiadisr
526 397 713 466 Arcbiades
734 411 844 464 antem
863 395 968 465 irater
987 393 1057 466 init
1076 394 1187 488 llidy·

114 505 214 589 lidis,
235 502 328 595 cujus
342 502 413 568 lilia
426 502 492 567 luit
504 498 729 591 Clitomscbe,
751 523 796 565 ex
806 521 871 585 qua
883 508 980 562 natus
995 512 1047 562 est
1056 496 1190 565 Aristo·

116 606 252 671 demuss
270 603 377 668 ‘nude
398 617 534 691 apparet
555 599 785 668 Clitomscbcu
816 614 849 666 et
870 597 1068 665 Leocratem
1088 599 1191 666 luisse

116 701 281 788 ἀνεψιούς,
310 702 562 771 Aristodemum
591 717 701 768 autem
721 699 910 780 Leocratis,
942 699 1038 790 cujus
1059 699 1191 783 ἇνεψια·

117 809 192 883 δοῦς
213 804 355 883 dicitnr,
386 803 487 870 etiam
516 802 648 882 ἀνεψιᾶς
676 805 776 868 παῖδα
797 801 864 869 dici
886 802 1045 891 potuisse.
1091 800 1190 870 Goul-

117 907 220 977 etiam
245 904 395 997 Hesycb.
427 903 550 972 tom.l
579 927 611 992 p.
639 906 705 974 373
733 920 765 971 et
791 903 979 996 Phrynicb.
1011 902 1050 969 in
1076 901 1190 970 Belk-

118 1008 251 1079 Anecds
276 1006 296 1073 1
323 1031 358 1095 p.
380 1007 440 1090 13,
464 1008 518 1074 18.
540 1004 632 1071 Add.
654 1005 804 1073 Platner.
831 1004 870 1071 in
889 998 1030 1071 Annsll.
1053 1004 1192 1071 Heidel-

118 1112 214 1196 berg.
236 1133 269 1176 a.
291 1106 375 1174 1815
395 1131 429 1195 p.
445 1107 542 1175 1179.
587 1105 743 1173 Geterum
764 1107 800 1173 iu
817 1121 956 1193 utraque
973 1107 1193 1195 appellatione

120 1227 170 1279 cst
195 1232 432 1299 saepenumero
461 1207 586 1295 aliquid
615 1209 777 1295 ambigui.
826 1207 914 1275 Nam
940 1232 1010 1274 non
1036 1208 1064 1274 ii
1087 1211 1194 1276 solam

73 1340 75 1344 ’
121 1311 291 1395 ἀνεψιαδοῖ
316 1308 457 1400 alicujus
484 1324 663 1394 vocantur,
697 1309 755 1397 qui
784 1324 913 1398 patrem
939 1310 1065 1377 babent
1098 1310 1194 1400 bu'jns

121 1413 378 1495 consobrinum,
401 1434 465 1497 quo
482 1410 617 1477 nomine
632 1411 836 1477 nuncetiam
851 1413 1036 1500 patruelem
1058 1426 1094 1477 et
1107 1412 1195 1477 ami·

100 1516 230 1593 ‚tinum
251 1514 507 1602 comprehensos
524 1515 698 1595 volumns3
726 1513 783 1580 sed
806 1512 907 1579 etiam
924 1536 1069 1599 quornm
1090 1528 1195 1603 patres

77 1616 79 1622 ’
121 1616 211 1683 inter
231 1639 267 1682 se
288 1614 479 1681 consobrini
501 1627 595 1696 sunt,
629 1637 711 1701 qnos
733 1614 867 1701 quidem
898 1614 1054 1681 sobrinus
1083 1614 1195 1680 Latini

123 1718 250 1801 dicunt,
272 1717 316 1782 hi.
331 1717 418 1782 inter
438 1741 474 1785 se
496 1731 528 1783 et
549 1714 754 1802 temtatur)
776 1731 865 1782 recte
885 1710 1057 1798 dicentur,‘
1073 1732 1106 1783 ct
1128 1714 1195 1782 dse-

103 1820 208 1903 ’ψιῶν
228 1820 336 1892 παῖδες
361 1818 419 1885 vel
439 1817 472 1893 ἐξ
498 1816 633 1898 ἀνεψιῶν
652 1814 818 1902 γεγονότες.
861 1814 932 1885 Sed·
950 1833 1089 1907 apparet
1109 1819 1197 1908 prio·

124 1945 178 1989 res
193 1920 271 1987 illos
286 1919 420 2006 quinto,
450 1920 513 1985 hos
528 1935 639 1985 autem
653 1936 747 1986 sexto
758 1920 867 2007 gradu
882 1933 1042 2005 cognatos
1064 1944 1148 1988 csse.
1159 1956 1198 1974 -·
1233 1966 1238 1977 ·

124 2020 203 2090 Iam
230 2044 312 2090 vero
339 2020 378 2087 in
403 2021 465 2086 bac
493 2021 752 2110 appellationum
780 2021 995 2109 ambiguitate
1015 2022 1197 2108 quaeritur,

125 2122 262 2211 quinam
289 2120 357 2188 sint
383 2121 437 2187 illi
466 2119 603 2202 ἀνεψιῶν
629 2124 751 2202 παῖδες,
785 2145 867 2209 quos
888 2124 929 2189 ad
959 2125 1198 2190 successionem

125 2223 299 2310 legislator
310 2238 494 2310 postremos
508 2238 584 2289 ante
601 2238 768 2291 maternos
780 2240 935 2312 cognatos
947 2224 1101 2310 vocavit,
1125 2236 1208 2292 coni

125 2325 342 2411 sobrinorum,
366 2324 431 2391 lilii
459 2348 502 2390 an
523 2324 669 2410 sobrini,
701 2327 815 2412 quinto
837 2350 881 2393 su
900 2341 996 2393 sexto
1018 2328 1128 2412 ffladn
1149 2350 1199 2393 co·

126 2426 232 2514 gnati.
274 2426 361 2493 Rem
380 2426 488 2516 ipsam
503 2428 671 2517 reputanti
685 2452 751 2495 non
767 2428 888 2518 poterit
909 2428 988 2515 quin
1008 2428 1071 2515 illa
1093 2428 1199 2496 verior

125 2528 280 2598 videatur
301 2524 489 2596 sententiat.
510 2544 576 2594 tres
593 2528 683 2594 enim
696 2531 799 2596 lactas
814 2530 965 2598 videmus
985 2546 1199 2616 cognatorum

94 2662 97 2673 ·
128 2632 248 2698 classes
261 2630 388 2716 (γένη),
420 2629 606 2717 exquibus
634 2655 734 2717 quum
756 2632 841 2697 duae
861 2631 988 2721 priores
1016 2631 1110 2698 intra
1130 2631 1200 2698 stir-

6 2755 8 2759 ’
128 2758 222 2822 pem,
257 2733 440 2798 fraternam
469 2734 596 2814 altera,
627 2734 731 2798 altera
759 2733 940 2816 sororiam,
974 2733 1201 2800 contineantur

128 2857 293 2900 unacum
314 2833 505 2927 parentibus
526 2833 651 2900 liberos
673 2858 801 2921 quoque
823 2836 1034 2923 complexae,
1058 2859 1202 2902 ¹consen·

129 2950 264 3003 taneum
291 2951 340 3002 est
367 2935 500 3009 tertiam
522 2958 650 3021 quoque
672 2959 772 3001 unam
793 2937 893 3003 modo
914 2935 1112 3005 consobrini
1132 2937 1202 3006 stir-

129 3054 225 3127 pem,
258 3039 295 3105 h.
327 3061 357 3106 e.
388 3038 498 3126 ipsum
519 3037 757 3104 consobrinum
778 3063 853 3104 cum
878 3036 999 3105 liberis
1020 3037 1202 3130 complecti,

129 3162 237 3225 neque
271 3139 308 3204 in
339 3138 561 3209 ¹remotiorem
598 3139 810 3206 sobrinornm
839 3140 979 3227 stirpem
995 3142 1204 3210 -transsiliret

131 3239 262 3327 Quodsi
282 3240 512 3307 Romanorum
533 3263 626 3305 more
644 3243 769 3327 gradus
789 3241 1045 3330 propinquitatis
1075 3264 1205 3330 compn-

132 3355 240 3407 temus
247 3386 260 3420 ,
280 3342 396 3408 *etiam
416 3340 466 3408 sic
487 3364 606 3430 parum
628 3357 675 3408 cst
695 3342 868 3431 probabile
887 3358 1013 3409 tantam
1035 3344 1143 3412 fuisse
1163 3345 1205 3408 lc·

132 3441 301 3530 gislatoris
327 3442 603 3528 inconstantiam,
642 3458 680 3521 ut
707 3469 782 3510 cum
813 3444 1094 3512 consobrinorum
1110 3437 1204 3524 ¹liliis,

133 3543 191 3630 qui
219 3544 334 3630 quinto
361 3547 469 3632 gradu
498 3545 690 3611 defunctum
707 3546 975 3633 contingebant,
1010 3548 1143 3635 pariter
1171 3543 1205 3610 ad
1236 3568 1237 3573 ¹

33 3690 35 3694 -
133 3645 375 3713 successionem
401 3661 538 3714 vocaret
563 3646 734 3730 sobrinus,
771 3647 827 3734 qui
855 3662 951 3716 sexto
978 3647 1090 3733 gradu
1111 3647 1207 3713 dista·

40 3789 44 3793 -
132 3747 233 3830 bant,
265 3770 367 3832 quum
386 3747 579 3814 excluderet
600 3749 875 3816 consobrinorum
895 3764 1052 3839 nepotes,
1083 3748 1140 3836 qui
1160 3747 1207 3814 ni·

138 3862 350 3878 Q...-

168 3913 434 4069 ‘³9⁰⁰ff4f'fflux
444 3919 512 4053 galil,
536 3917 593 4019 2⁸8„
604 3918 763 4022 tllcnrosth.
775 3916 823 4021 ‘in
846 3917 1000 4055 {53an
1010 3935 1062 4055 tp:
1076 3892 1207 4017 mlii

201 4035 291 4154 sie,
313 4034 442 4154 aretii,
475 4018 616 4155 1πῖᾝῖ
633 4022 892 4158 illidii„
919 4022 994 4158 eil
1009 4018 1207 4159 ttttss'tt

153 4196 156 4201 ⁴
201 4168 307 4239 τούτῳ,
331 4170 394 4232 τοὺς
411 4171 441 4227 dl
457 4175 554 4236 παῖδας
569 4175 633 4236 τοὺς
649 4178 747 4231 ἐκεῖνον
763 4174 894 4237 καὶτοὺς
911 4175 991 4246 ἐμοὺς
1006 4173 1178 4248 ἀνεψιαδοῦς.
