2632 4800
185 233 252 303 312
320 294 324 303 .
427 250 430 257 ·
542 226 906 341 mortuorunt

188 402 393 485 κληρωθῆναι
403 398 499 467 nullu
515 395 610 465 codd.
628 395 822 464 auctoritate
834 397 1062 465 confirmatam
1077 395 1281 467 aBekkero
1301 386 1304 401 ¹

187 516 222 571 et
245 498 441 569 Foertschio
472 511 640 584 receptam
669 521 752 565 esse.
808 496 997 566 Potuerunt
1017 498 1155 586 quidem
1181 494 1293 567 haec'

179 592 350 671 'facillime
380 623 401 669 ο
425 598 577 667 librariis
602 597 804 688 permutari,
840 613 873 667 et
892 614 1077 690 permutata
1097 616 1265 673 suntnon

97 686 105 699 ⁸
187 703 316 786 semel,
336 784 339 788 Ι
357 725 464 789 neque
492 717 604 767 tamen
629 701 694 768 hoe
720 724 760 767 eo
781 703 894 769 ualere
917 702 1031 785 debet,
1070 715 1108 768 nt
1128 707 1265 788 πληροῦν

125 880 129 889 ,
186 805 332 892 ubique,
364 804 466 870 etiam
492 801 552 869 nbi
580 802 887 871 commodissimum
913 802 975 890 sit,
1013 804 1265 873 exturbandum

188 906 325 975 deloco
346 919 541 974 statuamus.
562 942 608 987 7-

273 1005 313 1095 §.
334 1007 389 1074 38.
419 1003 485 1093 τοὶςν
504 1001 680 1090 προσόδους
699 1042 744 1057 -
761 1002 951 1089 ἠφανίσθαι.
1003 1008 1053 1075 Η.
1082 1030 1113 1077 e.
1142 1007 1265 1080 reddes

185 1131 291 1177 omncs
316 1107 491 1196 coempti
516 1118 548 1173 et
574 1108 741 1194 intercepti
767 1120 853 1176 sent.
881 1106 953 1179 of.
975 1106 1093 1177 Bremi
1113 1108 1156 1175 ed
1178 1107 1263 1207 ¹lays.

185 1234 208 1377 ,P
272 1316 306 1391 Q.
328 1309 385 1377 39.
418 1309 619 1395 διαφορῆσαι.
661 1309 824 1395 Dedere.
855 1313 899 1378 cf.
931 1309 969 1399 §-
991 1308 1035 1377 13
1066 1324 1100 1377 et
1130 1311 1264 1380 (11.01.

53 1390 58 1405 .
152 1433 156 1444 ·
186 1413 228 1481 de
242 1411 358 1500 Hagn.
371 1410 445 1479 her.
470 1416 504 1491 θ.
517 1411 570 1478 31.
590 1410 768 1479 Demosth.
784 1412 803 1479 l
818 1426 878 1479 ctr.
898 1411 1033 1502 Aphob.
1057 1437 1090 1502 p.
1107 1412 1187 1496 822,
1206 1415 1265 1480 27.

272 1511 393 1602 §.¹10..
416 1509 528 1598 ἑτέρων
548 1509 726 1594 πυθόμεναι
754 1513 800 1581 H.
824 1538 855 1582 e.
878 1512 992 1580 ἄλλων.
1037 1510 1091 1581 cf.
1113 1513 1200 1584 infr.
1223 1513 1264 1600 ᾖ.

44 1698 47 1702 ,
186 1616 242 1685 61.
259 1611 376 1683 Sehol.
399 1615 440 1685 ad
455 1614 630 1700 Aristoph.
645 1613 725 1682 Pac.
747 1639 783 1683 v.
807 1616 861 1683 11.
877 1612 1018 1682 'Schaefi
1032 1616 1164 1702 Appar.
1185 1615 1265 1683 erit.

186 1715 238 1785 IV
266 1742 300 1806 p.
322 1718 377 1786 67.
399 1702 433 1780 V
462 1740 496 1803 p.
519 1715 593 1783 117.
616 1753 660 1767 -
685 1715 798 1801 ἠφίοον
827 1717 952 1781 εἰσιέναι
971 1717 997 1785 i.
1020 1741 1053 1803 q.
1081 1715 1153 1781 εἴων
1175 1716 1267 1783 εἰσοί-

100 1846 103 1851 ·
186 1843 259 1899 ναι,
288 1832 326 1884 nt
346 1838 402 1904 ap.
417 1815 577 1908 Thucyd.
598 1816 644 1901 V,
665 1819 720 1886 91.
734 1818 850 1909 Eurip.
864 1817 955 1905 Med.
976 1842 1012 1889 v·
1030 1818 1105 1885 367.
1127 1815 1267 1893 Iacobo.

87 1991 89 1994 ,
186 1918 230 1986 ao
252 1919 395 1987 Anthol.
418 1916 491 1985 xn
511 1940 546 2006 p.
570 1917 645 1987 146.
760 1982 763 1993 .

185 2066 191 2075 -
271 2022 340 2108 περὶ
361 2017 449 2104 ἡλίου
462 2016 595 2102 δυσμάς.
638 2019 813 2087 Immerito
827 2017 1052 2089 Schneiderus
1073 2035 1107 2088 et
1119 2017 1268 2089 Schnei-

129 2128 134 2137 '
177 2121 261 2198 ⁴deri
294 2124 524 2212 epitomatores
556 2121 722 2209 poeticum
753 2123 868 2190 dicunt
898 2148 973 2191 voc.
1005 2118 1119 2206 δοομῆ.
1170 2123 1267 2192 Ηοοο

184 2224 322 2312 quidem
341 2223 491 2310 loquutio
512 2224 580 2308 περὶ
601 2219 689 2305 ἡλίου
711 2223 836 2306 δυσμὰς
856 2224 1006 2311 aliasque
1026 2216 1156 2319 similes
1178 2226 1265 2315 apud

61 2408 64 2415 Ι
184 2325 329 2413 optimos
356 2347 502 2413 quosque
528 2323 696 2413 prosaicos
723 2324 880 2412 frequens
912 2341 973 2393 est.
1027 2324 1081 2395 cf.
1102 2312 1264 2417 Xenoph.

185 2425 280 2495 Heli.
302 2424 348 2507 V,
370 2427 403 2511 1,
425 2428 458 2494 7.
479 2423 679 2514 Ananrl,
700 2423 735 2511 4,
756 2429 811 2494 26.
833 2429 867 2511 5,
888 2430 943 2494 22.
966 2426 1030 2512 Vl,
1051 2430 1086 2513 3,
1107 2428 1173 2499 31.

62 2544 65 2551 ’
273 2528 311 2616 §.
332 2526 389 2598 41.
419 2518 505 2592 οὗτοι
525 2526 562 2591 δέ
579 2565 634 2592 -.
668 2527 714 2593 Η.
738 2551 768 2595 e.
790 2528 1033 2597 Phanostratus
1061 2544 1095 2597 et
1117 2528 1264 2603 chaere-

184 2644 328 2712 stratus3
356 2629 414 2697 sed
445 2628 581 2694 ἐναντίον
606 2623 745 2708 τούτων,
778 2653 890 2696 coram
912 2631 1082 2698 Androcle
1111 2645 1144 2699 et
1162 2631 1264 2699 Anti·

149 2740 154 2749 ‘
185 2733 283 2800 doro.
304 2769 349 2785 —-
374 2740 440 2806 τοῖς
461 2727 733 2813 tostoriacen:
767 2731 901 2815 amicis,
929 2721 1015 2818 quos
1038 2756 1151 2800 secum
1172 2733 1264 2802 Pna-

185 2848 352 2901 nostratus
374 2845 406 2898 et
428 2829 678 2899 Chaerestratus
698 2833 928 2918 adduxerant,
959 2833 1098 2920 quibus,
1129 2834 1159 2905 si
1182 2859 1263 2926 opus

185 2935 291 3019 foret,
329 2934 466 3002 testibus
496 2934 547 3000 nti
573 2948 708 3023 possent
735 2935 792 3018 (cf.
824 2936 863 3001 de
896 2936 976 3021 ord.¹
997 2934 1068 3027 jud.
1096 2958 1131 3022 p.
1155 2938 1264 3025 (iffi),

187 3050 284 3122 atque
305 3035 343 3103 hi
364 3050 462 3119 sunt,
492 3059 633 3122 quorum
661 3035 888 3103 testimonium
910 3037 1025 3124 paullo
1048 3036 1139 3104 infra
1159 3039 1202 3127 ἢ.
1223 3039 1264 3106 11

185 3137 322 3217 recitari
342 3136 452 3228 jubet:
482 3135 559 3235 λάβο
580 3138 671 3212 τουτὶ
691 3138 744 3202 καὶ
764 3135 926 3224 ἀνάγνωθι
946 3140 982 3207 h.
998 3162 1030 3210 e.
1050 3138 1265 3216 consociaris

186 3239 329 3324 uenero!
362 3234 382 3306 ’.’

185 3382 188 3387 -
275 3339 312 3427 ξ.
335 3338 391 3408 42.
423 3343 534 3427 φωρᾶν
561 3340 641 3407 κατὰ
669 3339 725 3406 τὸν
745 3340 852 3425 νόμον.
894 3341 1020 3428 Legem
1041 3342 1082 3409 de
1103 3340 1265 3431 qitaeren·

185 3440 242 3508 dis
271 3442 309 3508 in
340 3441 451 3529 aliena
483 3443 582 3508 domo
618 3444 717 3510 rebus
746 3443 881 3511 furtivis
919 3444 1006 3511 hanc
1036 3445 1139 3512 inisse
1171 3447 1267 3515 docet

191 3541 394 3612 scholiastes
420 3543 594 3632 Aristoph.
622 3544 664 3611 ud
685 3543 795 3613 Nnbb.
826 3569 862 3617 ,v-
875 3593 877 3597 >
890 3543 967 3630 499,
993 3561 1032 3614 nt
1060 3545 1145 3612 nudi
1172 3549 1211 3617 h.
1234 3571 1264 3616 c.

192 3644 267 3712 sine
293 3646 417 3733 pallio,
449 3647 561 3720 tunica
588 3661 717 3713 tantum
746 3647 881 3731 amicti,
914 3648 1190 3734 ingrederentur,
1224 3672 1265 3716 ns

187 3762 324 3836 possent
344 3748 408 3838 ipsi
430 3747 555 3836 aliquid
577 3750 749 3817 subverte
772 3751 971 3816 occultatum
991 3750 1136 3835 inferre,
1165 3751 1267 3838 idque

192 3848 270 3914 dein
297 3872 317 3914 a
343 3872 380 3915 se
407 3847 582 3919 inventum
611 3851 790 3935 simulare,
821 3876 886 3938 qno
907 3853 1031 3919 falsum
1052 3852 1185 3919 crimen
1205 3854 1266 3921 do·

191 3948 284 4015 mino
312 3949 525 4039 objectarent.
576 3952 682 4018 Addit
702 3967 813 4020 sutem
833 3952 931 4021 Plato
953 3952 1058 4042 Legg.
1080 3953 1167 4040 XII,
1189 3958 1213 4022 7
1231 3978 1266 4044 p.

52 4046 57 4053 ’
191 4047 267 4115 951.
289 4048 342 4130 A,
374 4053 522 4120 Atticam
551 4054 661 4141 legem
682 4056 771 4122 haud
798 4056 898 4124 dubie
920 4057 1134 4144 exprimenst
1165 4079 1268 4145 opor·

85 4190 89 4195 -
191 4167 261 4217 tere
282 4151 454 4223 deminum
481 4178 541 4245 per
562 4169 666 4231 totam
687 4157 822 4225 domum
843 4157 880 4224 in
902 4159 1056 4227 omnibus
1078 4159 1152 4228 sive
1176 4158 1266 4229 ebai-
