2632 4800
267 324 330 393 DE
351 324 589 395 Geronton
607 327 927 443 uenantum
1065 334 1128 400 179

112 504 117 513 '
143 494 181 583 ἦ.
203 497 237 563 3.
280 497 414 560 καὶτῶν
440 490 692 580 ὁμολογουμένων
711 532 755 546 —-
775 498 983 584 ἰσομοιρῆοακ.
1025 497 1072 566 Η.
1094 524 1125 567 e.

53 620 141 683 quae
162 621 224 663 nos
238 621 365 683 quoque
385 598 528 667 fatemur
544 594 740 690 Gleonymi,
768 622 837 664 non
856 616 992 687 paterna
1014 618 1127 668 nostra

54 700 145 764 hona
167 706 249 765 esse.
293 698 502 785 Quamquam
516 699 630 764 relicta
651 692 818 769 haec'esse
840 701 1038 767 adversariis
1058 727 1127 769 non

56 823 138 866 sane
159 802 321 868 fatentur:
351 801 565 887 quamohrem
579 800 735 866 maluerit
755 799 875 887 aliquis
895 803 997 868 verha
1018 818 1127 869 traua·

54 901 139 991 poni
170 900 209 967 in
230 902 318 967 hunc
347 903 567 969 modum·-
522 894 637 968 -ὧν
660 899 847 984 Κλεώνιμος
867 902 1024 982 κατέλιπε,
1053 901 1127 970 τοῦ-

54 1026 122 1069 των
143 1000 250 1078 αὐτοῖς
277 1005 483 1091 ἰσομοιρῆσαι.
526 1001 593 1071 Sed
615 988 731 1091 quidni
753 1004 852 1070 etiam
878 1005 991 1091 paullo
1011 1002 1126 1071 inditi·

55 1103 190 1192 gentius
211 1118 324 1171 orator
343 1108 499 1192 loquutus
520 1106 640 1172 eit.-
660 1105 743 1172 Mox
765 1105 850 1169 hanc
876 1104 1127 1174 collocationem

54 1208 239 1274 verborum
260 1204 376 1287 πολλὴν
397 1202 565 1291 ἐρημίανι
547 1213 636 1290 ημῶν
656 1201 860 1290 καταγνόντες
879 1206 1126 1295 praeferendam

56 1309 215 1394 vulgatae
243 1323 319 1374 ante
338 1306 534 1375 Bekherum
565 1308 680 1396 putavi
702 1306 819 1397 optimi
841 1307 962 1373 codicis
983 1309 1127 1373 auctori-

56 1424 125 1476 tate
146 1425 333 1498 permotus,
362 1410 416 1475 cui
438 1408 562 1475 accedit
583 1408 683 1474 etiam
703 1410 885 1476 Ambroa:
913 1432 991 1474 nam
1013 1409 1052 1473 de
1073 1433 1127 1474 re·

55 1510 159 1598 liquis
182 1508 270 1576 nihil
291 1512 433 1577 relatum
455 1526 514 1577 eet.
557 1509 656 1576 lllam
680 1512 818 1576 alteram
841 1509 1125 1577 hahetDernosth.

56 1628 122 1679 ctr.
146 1613 287 1679 Onetor.
309 1612 338 1679 l.
360 1637 395 1701 p.
385 1612 492 1697 .,875
515 1613 553 1679 6:
591 1610 749 1695 τοσαυτην
768 1606 856 1693 ὖμῶν
872 1607 1017 1695 εὐήθειαν
1036 1611 1128 1677 κατέ·

55 1738 184 1799 γνωκεν.
226 1710 330 1781 laocr.
351 1714 392 1780 ‹le
409 1729 551 1803 permut.
573 1739 606 1802 p.
596 1714 686 1781 .102
706 1713 838 1781 Orell..
867 1709 1021 1797 τοσαύτην
1040 1709 1127 1798 ἡμῶν

58 1812 209 1881 ἁπάντων
230 1813 359 1897 ἀτυχίαν
379 1812 615 1900 κατεγνώκασιν.

43 1912 47 1921 ’
146 1917 184 2004 5.
206 1918 240 1985 4.
259 1912 421 2002 χρώμενοι.
462 1918 695 2007 Imperfectum
717 1915 898 1983 rectissime
919 1916 1037 2000 hahet,
1065 1940 1128 1983 ne·

60 2042 124 2105 que
150 2019 364 2107 praeferenda
395 2033 444 2085 est
470 2018 543 2084 cod.
571 2017 681 2084 Paris.
710 2031 847 2084 correct.
876 2014 1127 2103 κεχρημένοιῙ·-

60 2120 114 2187 Ακλ
144 2117 323 2186 δεδωκότων
343 2117 417 2203 ἡμῖν
438 2120 491 2185 καλ
510 2125 573 2185 ταῖν
593 2116 696 2202 νόμων
722 2120 773 2184 καλ
796 2117 1049 2185 coercerent.
1071 2141 1126 2184 ac·

63 2221 228 2287 motivas
259 2219 298 2285 τὰ
321 2220 418 2287 αὐτοῦ
449 2221 485 2287 in
505 2224 571 2288 fine
596 2220 725 2308 periodi
747 2245 813 2286 non
833 2220 944 2286 minus
965 2219 1126 2305 quemad

63 2321 183 2388 infinit.
205 2323 314 2388 δοῦναι
334 2322 492 2413 pertinet.
530 2325 615 2409 quod
645 2346 784 2406 moneo,
817 2321 989 2447 qupniam
1002 2319 1127 2386 amicus
1170 2318 1179 2343 l

66 2423 197 2511 quidam
222 2439 405 2491 structurae
432 2423 691 2491 succurrendum
720 2437 812 2491 ratus
838 2422 896 2506 τὴν
925 2418 1127 2508 ὖτιαρχουσαν

67 2523 149 2611 clap
170 2523 327 2592 οὐσίαν
347 2525 536 2614 reponebat.
856 2582 859 2587 .

146 2624 216 2693 Pr'o
241 2622 430 2711 Πολυαρχου
457 2624 616 2692 Reishius
648 2623 829 2710 Πολιάρχου
864 2620 1016 2711 scripsit,
1055 2620 1128 2688 sine

70 2748 173 2794 causa.
222 2725 410 2813 Πολυαρχος
438 2750 561 2793 nomen
591 2741 682 2791 extat
709 2727 794 2815 apud
815 2724 1023 2791 Athenaeum
1042 2721 1128 2791 Xll.

70 2847 99 2913 p.
113 2827 178 2895 545
197 2829 245 2895 Δ.
287 2828 431 2895 Pausan.
454 2827 502 2895 X.
524 2830 579 2912 2⁰,
599 2830 633 2894 3.
656 2841 688 2893 et
709 2826 818 2893 simile
833 2823 1021 2911 Πολυάρχης
1042 2824 1127 2912 apud

67 2923 320 3019 Xenophontem
335 2929 470 2997 Hellen.
481 2927 529 3013 ll,
541 2931 575 3013 3,
594 2931 628 2994 2.
670 2927 761 2995 add.
774 2928 945 2995 Plutarch.
960 2924 1147 2994 Themists

67 3048 96 3096 c.
119 3033 180 3116 19,
207 3031 266 3097 uhi
286 3056 347 3121 pro
367 3033 461 3119 vulg.
483 3031 662 3114 Πολίαρχος
682 3029 787 3095 codex
808 3025 936 3110 Paris„
965 3025 1059 3118 cujus
1078 3027 1130 3092 le-

59 3130 187 3201 chonen
199 3130 346 3200 Sintenis
362 3158 467 3223 nuper
480 3130 676 3223 publicavit,
698 3132 794 3196 offert
803 3125 999 3215 Πολύαρχος.
1039 3125 1130 3194 Gon-

59 3242 116 3300 tra
139 3235 319 3320 Παλίαρχος
345 3250 394 3301 eat
419 3234 670 3324 epudPausau.
694 3231 805 3316 l.37,
828 3231 860 3297 1.
889 3226 1128 3297 AeliamVar.

55 3326 158 3403 nist.
176 3332 275 3420 vill,
288 3338 322 3405 t.
343 3335 483 3453 Lysiam
495 3332 609 3400 Bekk
631 3358 665 3423 p.
687 3333 830 3400 366-
851 3329 1005 3399 (laterum
1027 3346 1130 3414 quum

59 3436 173 3503 uhiter
191 3450 320 3503 tantum
347 3451 380 3503 et
404 3436 440 3502 in
462 3453 653 3503 transcursu
678 3434 764 3500 illud
788 3430 971 3524 Polyarchi
992 3426 1130 3503 manda·

58 3550 134 3605 tum
162 3551 288 3605 actores
314 3551 515 3621 memorent,
544 3558 649 3623 neque
675 3535 904 3625 probationem
925 3533 1029 3598 ullam
1049 3530 1132 3595 affc-

61 3642 158 3725 rcut,
185 3662 292 3726 nequa
312 3654 424 3729 postea
441 3640 505 3705 hoc
520 3654 714 3726 argumento
732 3635 806 3702 ad
794 3660 846 3727 Jus
862 3657 960 3702 suum
978 3629 1130 3697 obtinen·
1219 3651 1220 3655 ¹

65 3738 153 3808 tlum'
170 3755 325 3819 utantur,
355 3739 500 3806 dubitari
526 3764 594 3806 uon
614 3753 720 3827 potest
739 3736 819 3824 quin
846 3749 903 3801 aut
922 3729 1132 3818 nequiverint

66 3830 224 3931 probare,
254 3855 399 3907 autnon
426 3864 464 3907 ea
485 3841 602 3907 talium
623 3838 854 3905 mandatorum
873 3834 927 3903 via
947 3830 1066 3915 fuerit,
1094 3845 1131 3901 ut

67 3942 192 4033 negligi
218 3942 260 4008 ab
290 3942 410 4008 herede
436 3966 497 4031 per
523 3943 614 4029 leges
641 3964 710 4006 non
735 3951 879 4031 possent.
930 3934 1017 4001 Nam
1043 3932 1131 4018 quod

67 4044 187 4133 passim
201 4042 342 4129 legimus
356 4041 536 4134 Cleonymi
550 4054 779 4108 testamentum
790 4050 904 4103 contra
925 4034 977 4126 joa
993 4057 1031 4099 ac
1041 4033 1140 4119 leget.

67 4144 189 4212 iactum
211 4168 281 4211 essa
302 4144 381 4232 (§§.
402 4145 458 4211 26.
480 4142 535 4213 35.
556 4141 640 4227 loq)
662 4163 732 4206 non
744 4137 834 4207 alica
855 4137 913 4205 hic
931 4138 1023 4221 leges
1044 4130 1132 4199 deai-

68 4245 181 4335 gnari,
210 4269 309 4334 quam
335 4269 418 4334 quae
449 4245 491 4314 da
518 4257 737 4332 cognatorum
761 4234 838 4329 jure
854 4236 1006 4407 ¹spriptoe
1024 4245 1131 4309 eraut,
