2632 4800
118 281 186 377 pos
478 234 830 349 mounmouuu

120 451 226 537 θυμὸς
255 440 295 535 ἦν
324 449 385 537 πρὸ
407 447 495 532 δίκης
513 447 633 528 βίαιος,
662 451 749 536 quod
776 450 866 517 idem
887 465 956 536 est,
988 475 1027 518 ac
1047 452 1078 519 si
1099 452 1193 521 dicas

119 556 193 636 βίαν
223 551 283 635 πρὸ
311 552 398 635 δίκης
427 548 618 638 αἱρούμενος.
659 550 796 619 Rectius
816 552 1083 642 comparabimus
1105 554 1192 622 Plu-

119 656 226 724 tarch.
241 653 323 721 Feb.
343 653 437 719 Max.
459 676 530 741 cap.
547 654 587 720 9:
609 653 661 717 καὶ
680 652 741 739 γάρ
763 649 860 739 εἷρξαι
878 658 924 743 τῷ
946 652 1114 742 δικτάτωρι
1137 658 1192 721 καί

118 762 305 825 θανατῶσαι
326 753 387 840 πρὸ
408 755 496 838 δίκης
517 753 656 839 (indicta
676 757 789 841 causa)
811 754 918 832 ἔξεστι.
1028 762 1038 777 “

204 860 242 950 §.
265 859 317 944 11,
340 858 392 923 καί
413 851 621 937 κατασκάψας
640 894 695 923 -.
738 855 838 923 Falso
859 856 1017 926 Reiskius
1038 859 1122 925 boec
1143 859 1193 926 ita

13 1044 16 1061 Ι
117 965 371 1051 interpretatur:
400 959 649 1042 „Dicaeogenes
663 972 768 1043 empta
793 960 986 1047 Theopompi
1004 962 1093 1050 donec
1115 963 1193 1026 hcr-

117 1079 183 1131 tum
202 1065 252 1128 illi
271 1061 377 1127 domui
394 1060 521 1124 motum
541 1060 734 1144 devastavit,
762 1061 796 1125 in
816 1086 978 1147 areaque,
1000 1086 1092 1148 psum
1113 1062 1192 1128 ίιον-

66 1218 69 1223 .
117 1180 168 1232 ται
178 1167 252 1231 olim
266 1174 489 1248 occupaverat,
512 1163 812 1227 domumexstrrccit
824 1166 874 1228 vel
886 1188 961 1229 suae
982 1166 1192 1231 cdetnccc't.“

118 1265 303 1359 Gonjunxit
316 1265 427 1351 itaque
443 1259 652 1345 κατασκάψας
672 1261 727 1327 τὸν
746 1268 860 1348 κῆπον,
882 1281 914 1330 et
934 1271 1092 1331 ποιεῖσθαι
1109 1265 1195 1352 πρὸς

115 1376 156 1459 τῇ
177 1368 260 1465 οἰκία
281 1391 327 1435 sc.
350 1364 406 1430 τὸν
427 1369 524 1447 κῆπον
545 1365 734 1448 significare
754 1365 912 1434 credidit:
939 1369 1064 1460 dmum
1083 1368 1197 1433 άοιαιοί

30 1516 44 1535 ..
116 1472 279 1551 ostmxe't,
318 1468 355 1533 h.
384 1490 413 1533 e.
442 1480 624 1533 σσιιιτνιιστσ
650 1468 736 1532 lorti
759 1492 838 1532 area
868 1470 991 1533 domum
1010 1493 1098 1534 αισοι
1119 1494 1195 1535 σαι-

68 1614 83 1625 -
111 1576 247 1662 plt'orem
269 1570 361 1656 fuecit.
407 1565 473 1635 Sed
500 1592 607 1655 nequa
636 1568 699 1635 boc
729 1593 877 1656 unquam
897 1569 963 1636 dici
990 1571 1096 1659 potuit
1118 1596 1194 1636 ποι-

115 1681 221 1744 εῖσθαι
242 1671 321 1759 πρὸς
341 1675 380 1757 τῇ
401 1670 493 1757 οἰκίᾳ,
513 1694 620 1757 nequa
640 1668 867 1737 κατασκάπτειν
886 1668 943 1739 τάν
963 1679 1060 1756 κῆπον
1079 1672 1194 1757 signi-

114 1780 191 1845 licat
211 1779 353 1856 bonum,
383 1786 421 1837 ut
441 1772 500 1838 ille
522 1772 586 1856 ait,
613 1774 789 1841 eradicare.
832 1773 982 1863 Apparet
1000 1772 1107 1860 igitur
1128 1799 1193 1839 κα-

115 1875 285 1960 τασκάψας
304 1875 470 1964 pertinere
492 1873 533 1939 ad
555 1873 615 1959 τὴν
634 1875 751 1955 οἰκίαν,
780 1873 952 1963 dirutaque
974 1876 1192 1966 Theopompi

116 1980 214 2047 domo
242 2002 287 2045 ex
317 2001 393 2042 urea
423 1977 557 2042 bortum
586 1976 711 2044 sactum
739 1999 809 2043 esse
835 1976 1088 2065 sDicaeogeue
1108 2002 1193 2045 suaa

116 2081 230 2148 domui
248 2078 449 2167 adjunctum.
498 2076 563 2143 Τὸν
579 2082 696 2161 sinor:
718 2079 841 2144 ίιονττικι
854 2080 965 2164 illum,
986 2104 1075 2165 quem
1084 2081 1192 2167 etium

114 2207 197 2249 mmc
219 2182 327 2248 babet.
372 2178 506 2246 Similia
529 2179 663 2245 articuli
686 2182 838 2268 exempla
854 2193 932 2246 sunt
950 2182 1036 2269 apud
1051 2178 1189 2249 Schael'.

115 2286 156 2352 ad
166 2284 339 2352 Plutarch
361 2272 441 2349 tom.
465 2280 498 2346 V
518 2307 550 2371 p.
542 2279 637 2351 .274.
651 2318 696 2334 --
716 2277 872 2348 Ceterum
891 2282 956 2348 boc
977 2283 1086 2372 ipsum
1107 2306 1190 2350 con·

113 2403 166 2453 tra
185 2384 238 2476 jus
258 2385 383 2450 sactum
404 2399 474 2467 est,
506 2383 593 2470 quod
613 2382 818 2472 pupillorum
839 2399 928 2449 tutor
949 2384 1085 2451 domum
1107 2384 1190 2451 emit

115 2488 200 2577 (vid.
229 2487 378 2554 Platuer.
411 2486 451 2550 de
477 2485 530 2554 lit.
561 2498 593 2550 et
618 2500 681 2553 act.
704 2482 794 2574 llp.
809 2486 914 2572 Ι;287)
943 2484 1051 2572 magis
1073 2485 1187 2569 etiam,

114 2590 201 2678 quod
219 2603 363 2677 emptam
376 2587 479 2653 diruit
495 2611 532 2652 ac
552 2587 692 2669 delevi13
722 2610 828 2673 neque
845 2578 992 2653 alienum
1009 2602 1076 2671 est,
1099 2587 1186 2674 quod

113 2690 268 2763 donesius
284 2704 408 2774 mouet,
429 2690 654 2778 proditoribus
669 2712 707 2753 ec
717 2689 943 2777 perduellibus
957 2690 1044 2753 hanc
1056 2712 1186 2774 quoqne

112 2817 254 2884 poenam
289 2793 409 2876 fuisse,
447 2806 485 2857 ut
518 2789 634 2857 domus
670 2813 785 2856 eorum
819 2790 1040 2856 diruerentur.
1104 2788 1184 2858 Vid.

112 2894 299 2984 Psaphism.
316 2894 356 2959 de
371 2892 578 2980 Antiphonte
593 2916 645 2981 ap.
662 2891 792 2959 Pseudo
803 2891 917 2959 -Pluc
936 2892 1010 2960 vitt.
1028 2890 1066 2956 X
1086 2906 1184 2958 orstt.

111 3022 146 3087 p.
167 2998 252 3062 833.
289 2994 342 3059 καὶ
372 2992 412 3059 τὰ
429 2990 580 3082 χρήματα
609 2991 745 3079 δημόσια
766 2989 907 3059 elsae-
927 2994 980 3058 καί
1007 2993 1066 3069 τὰς
1087 2994 1185 3068 οἰκίας

111 3091 317 3178 κατασκάψαι
337 3096 451 3163 αὐτῶν

196 3199 355 3282 μίσθωσιν
383 3194 574 3284 ογδοάκοντα
601 3202 692 3281 μνᾶς.
736 3196 789 3264 Gf.
822 3197 859 3287 ἦ.
880 3197 935 3264 35.
957 3197 1107 3315 Apparet
1133 3195 1186 3279 μί-

112 3306 235 3367 σθωσιν
266 3322 337 3366 esse
359 3299 494 3367 reditus
522 3324 540 3366 e
568 3300 682 3366 fundis
703 3299 857 3383 elocutis,
884 3299 1033 3388 pecuniis
1054 3297 1185 3365 foenori

113 3403 196 3470 detis
216 3416 398 3490 perceptos.
444 3400 496 3468 cf.
521 3408 555 3482 ὅ.
577 3403 621 3470 36
642 3416 728 3468 extr.

195 3501 266 3568 άντ
289 3498 478 3569 άκολοάθοο.
499 3502 545 3569 Η.
568 3506 819 3630 apremonte
842 3484 1001 3592 Thucyd.
1024 3500 1183 3580 V11‚75=

110 3602 285 3691 i‘pepov-
240 3603 417 3670 -nal‘
388 3631 416 3669 οι
438 3601 562 3669 ὁπλῖται
581 3607 633 3670 και
655 3632 683 3670 οι
711 3604 806 3688 ιππῆς
824 3601 968 3689 παράπιν
992 3601 1167 3678 εἰωθὸς
1129 3629 1189 3667 αυ-

92 3706 159 3771 ’τοὶ
179 3704 219 3770 τά
241 3705 430 3793 σφίτερα’
391 3712 494 3772 coccio
515 3703 635 3771 otslo‘
617 3705 679 3771 απὸ
701 3716 766 3781 τοῖς
786 3703 892 3780 ὅπλοις
906 3742 950 3754 ·-
970 3702 1189 3792 άπορίᾳιάκον

109 3802 245 3873 lotidem.
293 3807 342 3874 Hi
370 3808 452 3875 alias
482 3805 635 3894 ὖπηρίται
653 3807 769 3876 vocari
789 3808 896 3872 solent
925 3805 1008 3891 (vid.
1030 3804 1182 3872 Boeclcb.

111 3907 152 3972 de
181 3932 295 3977 oecon.
326 3907 377 3974 rei
406 3911 498 3998 publ.
528 3912 611 3979 Διί).
643 3907 661 3975 l
689 3935 722 3998 p.
744 3909 841 3995 292),
877 3904 1048 3973 ἀκόλουθοι
1074 3923 1183 3973 eutem

108 4010 271 4094 pedisequi
295 4011 331 4079 b.
354 4035 384 4078 e.
413 4012 522 4096 servi,
553 4011 610 4099 qui
632 4010 783 4077 dominos
814 4010 851 4076 in
872 4008 1043 4098 publicam
1064 4009 1181 4098 prode·

110 4124 205 4177 untes
235 4123 414 4181 sectantur.
466 4111 600 4183 Duker.
630 4114 671 4181 ed
693 4112 853 4202 Thucyd.
880 4109 923 4196 V,
950 4110 1005 4180 28.
1029 4109 1180 4178 —Fecit
