2632 4800
197 296 263 368 aro
556 246 964 396 ιαοιιοτιοινωιΙ

198 468 279 535 dicit
293 428 503 534 'Seholiastes
525 467 566 533 ad
581 466 756 556 Aristoph.
779 466 882 558 Vesp.
903 492 939 539 v.
962 471 1027 538 679
1045 468 1143 554 lum,
1165 492 1276 555 quon·

195 571 265 635 iam
286 571 368 635 haec
390 570 518 635 aerario
537 570 693 636 cedebant
700 594 711 651 3
739 593 937 657 quamquam
953 570 1050 658 quod*
1063 569 1109 636 sit
1129 568 1170 634 τοὶ
1192 595 1275 657 τιον-

196 679 301 735 τανεΐα
329 669 431 736 suisse
462 667 610 749 δεκάτας,
644 695 720 736 enm
754 672 817 737 hac
850 673 923 760 ipss
953 676 1205 758 παρακαταβολῇ
1233 696 1273 738 ea

126 820 130 827 -
180 766 398 865 (permutasse
429 771 538 838 videri
570 773 683 861 possit.
716 808 759 823 -
790 771 946 840 Ceterum
976 788 1127 840 nostrum
1157 768 1273 840 locum

125 890 129 897 ·
195 888 283 940 reete
297 873 397 940 etiam
411 871 587 939 Platnerus
602 872 789 952 intellexit,
817 873 858 941 de
878 873 949 965 jud.
969 888 1001 941 et
1021 889 1085 949 aot.
1100 873 1182 965 llp.
1193 875 1271 956 326,

85 1036 88 1041 .
194 974 343 1042 refutatis
365 972 493 1041 lonesii
513 990 546 1040 et
565 973 727 1064 Bnnsenii
749 968 972 1065 opinionibus.
1066 986 1068 991 '

277 1073 356 1142 οὔδ’
379 1075 409 1140 oi
436 1072 526 1158 νόμοι
547 1082 793 1162 καταφρονοῦντα
812 1114 866 1142 -.
888 1075 1049 1144 Proot'is’
1072 1075 1111 1142 dr
1132 1075 1224 1145 olo.-
1237 1102 1268 1147 tt.

193 1177 273 1245 Vid.
295 1177 423 1264 Reisig.
447 1177 488 1242 de
504 1169 554 1240 Ιι’ίν
573 1192 659 1267 part.
681 1203 715 1267 p.
739 1178 803 1243 137
823 1203 878 1265 sq..
896 1179 1099 1269 Bernhardy
1119 1177 1267 1270 Syntax.

178 1305 224 1370 p.
247 1279 312 1346 374
331 1303 380 1365 sq.
403 1278 564 1344 Matthiae
585 1281 625 1345 ad
639 1279 755 1369 Enrip.
778 1279 905 1347 Alcest.
925 1303 961 1349 v.
984 1282 1059 1347 923.
1083 1295 1114 1346 et
1135 1304 1188 1367 gr.
1205 1279 1266 1347 Gr.

190 1406 225 1471 p.
247 1382 323 1448 968.
346 1415 389 1434 --
411 1379 508 1464 Quod
531 1396 640 1446 autem
662 1381 810 1468 sequitur
830 1380 877 1447 τδι
891 1382 981 1467 γίνη,
1009 1380 1137 1449 suntal
1159 1380 1269 1466 συγγε-

180 1491 261 1563 νεῖς.
305 1481 402 1549 (lonf.
426 1480 601 1549 Demosth.
624 1483 661 1548 in
682 1483 845 1550 Leochar.
867 1509 901 1573 p.
926 1483 1021 1569 1084,
1043 1486 1107 1550 272
1134 1481 1191 1549 τὸν
1206 1479 1269 1549 ,νό-

189 1609 250 1668 μον
271 1581 326 1648 τ’ὀν
353 1592 418 1658 τοῖς
447 1609 481 1648 τε
501 1583 597 1666 γίνεαι
618 1586 671 1648 καί
697 1593 763 1660 τοῖς
791 1583 945 1670 ἔγγοτιίτω
966 1584 1045 1670 πρὸς
1065 1584 1186 1670 ἀνδρῶν
1208 1583 1267 1660 τοὶς

189 1686 396 1773 κληρονομίας
417 1683 618 1751 ἀποδιδόντα.
640 1687 687 1754 ib.
711 1688 867 1778 p.¹1089,
890 1688 927 1754 1:
959 1686 995 1752 τὸ
1018 1683 1266 1770 ὁμολογούμενον

21 1826 25 1836 ,
92 1818 93 1825 ν
123 1766 128 1781 .
188 1788 274 1874 γένος
295 1783 480 1863 ἐξελαύνων.
508 1796 549 1876 p.
566 1789 662 1872 1099,
692 1787 736 1856 5:
774 1797 839 1864 τοῖς
869 1789 990 1872 γίνεσιν
1003 1785 1186 1854 ἀποδιδόναι
1206 1788 1266 1864 τὰς

120 1974 122 1984 Ι
188 1889 406 1973 κληρονομίας.
429 1925 471 1938 -
488 1885 638 1975 Ὑβρίζειν
659 1906 770 1958 autem
790 1890 981 1979 saepissime
1002 1889 1124 1956 dicitur
1144 1891 1186 1957 de
1207 1890 1264 1975 iis,

104 2016 107 2021 ·
188 1991 246 2077 qui
268 1991 403 2056 alterius
429 1989 504 2078 jura
534 1992 747 2092 contemptim
774 2006 806 2058 et
836 1994 1022 2082 petulanter
1051 1993 1184 2058 laedere
1207 2016 1267 2059 eo·

189 2106 324 2171 uantur.
376 2089 429 2159 01.
461 2093 502 2158 de
522 2092 661 2160 Menecl.
690 2094 804 2160 hered.
837 2092 873 2180 ἦ.
895 2095 950 2159 33.
982 2093 1025 2157 de
1046 2091 1163 2162 (liron.
1187 2095 1264 2161 lre'r.

69 2172 75 2199 ’
188 2192 226 2280 ἦ.
250 2194 281 2259 1.
303 2193 480 2261 Demosth.
511 2194 547 2259 in
567 2195 705 2262 Macart.
730 2217 761 2282 p.
785 2196 880 2278 1679,
901 2195 935 2260 8.
957 2227 1000 2246 -ε-
1020 2183 1177 2282 Denique
1206 2219 1266 2260 tta-

186 2292 377 2376 ταψείδεται
398 2300 461 2361 τῶν
487 2293 668 2363 τεθνεώτων
690 2297 746 2384 qni
767 2311 983 2379 testamenta,
1013 2320 1096 2383 qnae
1116 2298 1177 2362 itli-
1193 2321 1265 2364 non

84 2469 91 2481 ,
187 2396 409 2487 scripserunt,
437 2399 603 2488 supponit.
664 2396 716 2464 ct.
742 2398 781 2464 de
803 2397 948 2488 Astyplr.
972 2399 1045 2465 her.
1069 2401 1181 2478 §.Pa
1204 2400 1262 2469 26.

76 2566 85 2580 ,
128 2513 132 2518 “
184 2518 191 2535 ·
272 2497 309 2585 ἦ.
333 2499 385 2566 12.
418 2503 486 2586 περὶ
507 2500 563 2583 μίν
584 2498 644 2586 γὰρ
664 2506 727 2565 τῶν
749 2497 852 2564 ἄλλων
873 2500 1073 2581 συμβολαίων
1093 2537 1146 2566 --.
1171 2506 1264 2584 Σομ-

183 2603 324 2679 βολαίοις
353 2614 545 2668 testamenta
568 2618 763 2669 annumerat
785 2601 883 2666 etism
905 2599 1002 2667 Plato
1023 2602 1128 2691 Legg.
1149 2601 1208 2673 XI
1227 2617 1262 2671 o.

183 2703 216 2769 6.
239 2728 273 2791 p.
296 2705 372 2769 922.
394 2703 436 2770 Β.
460 2703 514 2770 cf.
539 2704 639 2770 Gens.
664 2706 703 2769 de
724 2703 790 2795 jur.
813 2704 888 2768 her.
910 2699 929 2766 Ι
951 2725 983 2788 p.
1007 2703 1082 2772 384.

269 2803 306 2869 οὐ
333 2801 416 2868 πάνυ
442 2805 579 2888 χαλεπὸν
599 2841 651 2869 ν.
683 2805 758 2870 Non
780 2805 868 2870 tollit
889 2805 1020 2890 negatio
1041 2806 1112 2871 vim
1134 2806 1262 2874 adver·

183 2903 249 2987 bii,
288 2907 346 2972 sed
375 2907 571 2974 adverbium
603 2907 811 2995 negotionem
837 2906 1001 2988 intendit,
1040 2909 1133 2993 quasi
1156 2907 1261 2974 dieas

182 3002 264 3070 πάνυ
292 3005 328 3072 οὗ
354 3007 507 3090 χαλεπόν,
540 3010 576 3076 h.
608 3033 637 3074 e.
667 3006 749 3073 πάνυ
782 3004 903 3096 ῥηίδιον,
937 3007 1083 3091 οὐδαμῶς
1106 3006 1259 3089 χαλεπόν.

181 3104 235 3174 Cf.
260 3104 430 3175 Schaeser.
453 3113 542 3199 App.
565 3108 679 3177 crit.l
709 3131 741 3196 p.
763 3113 838 3193 297,
860 3109 1007 3196 Krliger.
1031 3110 1072 3177 ad
1094 3109 1259 3200 Xenoph.

179 3203 291 3276 Anah.
314 3207 350 3294 Ι,
367 3206 411 3295 ι8,
440 3211 483 3279 14
503 3228 535 3278 et
557 3213 596 3277 de
618 3212 722 3278 simili
749 3208 786 3276 od
814 3210 901 3292 μάλα
921 3211 969 3278 id.
992 3211 1033 3276 ad
1055 3209 1108 3296 lt,
1139 3213 1175 3295 6,
1199 3212 1257 3280 11.

136 3316 139 3327 “
181 3306 347 3379 Similiter
379 3328 489 3378 autem
521 3312 747 3402 transponitur
773 3312 906 3398 negatio
936 3314 1037 3380 etiam
1065 3313 1100 3377 in
1133 3313 1172 3379 οὗ
1193 3314 1257 3401 πρὸ

178 3411 312 3494 πολλοῦ,
349 3412 386 3478 οὐ
414 3412 493 3496 μετὰ
522 3411 601 3480 πολύ
608 3463 619 3494 ,
651 3413 709 3495 οὐχ
734 3411 776 3488 ὡς
804 3414 1014 3501 &iustisque
1035 3437 1100 3480 non
1123 3416 1256 3500 paucio.

181 3600 185 3608 1
261 3514 524 3602 τὰδιαφέροντα.
546 3515 593 3583 Η.
617 3540 646 3582 e.
669 3515 736 3582 nisi
755 3536 974 3602 permagnum
995 3515 1037 3581 sit
1057 3515 1258 3603 discrimen,

178 3641 242 3703 qno
263 3641 385 3691 verum
404 3641 429 3682 a
444 3619 530 3684 falso
551 3617 683 3684 facilius
705 3617 887 3683 internosci
909 3617 1022 3702 possit.
1075 3646 1079 3655 ·
1132 3622 1136 3630 '

263 3724 298 3798 §.
323 3719 374 3785 13.
401 3718 474 3785 αἱδί
499 3719 621 3803 λίγοοσι
640 3714 722 3783 4-6
749 3742 780 3782 τι
805 3718 1010 3784 διατίθενται.
1058 3712 1158 3786 (loni.
1182 3719 1257 3787 De·

176 3820 296 3886 mosth.
330 3820 367 3886 in
388 3818 504 3911 Steph.
527 3821 563 3889 ll
583 3846 617 3912 p.
639 3821 736 3906 1137,
762 3820 817 3887 21.
860 3819 1000 3887 Herald.
1023 3821 1253 3892 animadvers.

258 4028 316 4090 τοῦ
344 4020 568 4107 σνμβαίναντός
594 4024 677 4090 ἔστιν
697 4059 750 4090 -—.
780 4022 826 4090 H.
851 3997 883 4090 e.¹
904 4020 1050 4118 πολλάκις
1071 4025 1250 4108 συμβαίνει.

174 4123 296 4198 Rarior
334 4126 520 4235 loquutiop
544 4125 638 4217 cujus
669 4126 761 4193 aliud
787 4128 988 4224 exemplum
1026 4143 1177 4201 nonest
1210 4127 1248 4239 in

172 4241 337 4316 promptu.
