2632 4800
170 241 237 313 aer
447 222 450 227 ’
534 238 587 308 nt
607 240 894 316 ommounu

174 412 305 483 cillima
333 426 368 478 et
400 409 588 478 certissima
615 410 752 492 fuisset,
789 415 988 501 phratornm
1018 402 1300 496 testimonium

174 517 232 606 qui
254 514 361 582 filiam
383 513 479 579 illum
502 510 638 580 Cironia
658 514 694 580 in
717 517 840 583 tabulis
861 519 951 603 suia,
978 527 1024 608 τῷ
1045 527 1140 611 κοινῷ
1159 546 1279 609 ypup‘

42 694 45 699 ¹
152 618 310 706 .ματει’ῳ,
339 615 535 704 inscriptam
557 640 628 683 ease
650 632 861 686 testarentur.
906 620 1041 690 Etusns
1064 640 1150 692 esset
1170 610 1286 691 hanel

175 721 276 788 dubie
296 720 359 784 hac
380 718 575 806 probatione
595 716 727 798 lsaeua,
757 720 788 785 si
808 722 987 810 potuisset,
1016 726 1052 792 h.
1077 750 1106 794 e.
1129 728 1159 793 ai
1178 738 1288 796 rere'a¹

172 824 235 890 illa
265 823 302 888 iu
323 818 495 910 phratriae
524 819 648 887 tabulis
675 821 835 912 inscripta
863 825 992 893 fuisset.
1036 828 1133 895 Nunc
1155 846 1291 916 quun

172 926 237 994 ltac
253 925 293 991 de
314 947 351 989 re
373 923 473 1010 plane
495 936 618 1006 taceat,
647 923 808 991 omissum
825 926 910 992 illud
933 952 954 994 a
970 925 1097 997 Gitone
1112 930 1291 1011 videtur,

113 1104 116 1109 ⁸
172 1028 247 1096 aive
267 1036 328 1114 per
350 1024 588 1113 negligentiam
610 1024 683 1092 aive
702 1043 838 1116 propter
860 1029 961 1096 aliam
983 1053 1118 1099 canaam
1139 1056 1292 1120 quam-

173 1152 315 1216 cunque.
344 1163 388 1177 -
421 1126 474 1192 De
508 1142 675 1193 structura
707 1129 980 1219 interrogationis
1015 1133 1168 1221 obliquae
1195 1159 1233 1224 pe
1246 1159 1291 1201 ι·

173 1229 294 1313 εἰ--ἢ
316 1252 378 1318 pro
401 1227 590 1294 εἴτε-εἴτε
611 1229 682 1297 vid.
704 1230 825 1298 Mauh.
850 1258 902 1319 gr.
926 1233 986 1301 Gr.
1009 1260 1042 1324 p.
1061 1237 1166 1319 12533
1188 1236 1285 1327 ¹rod

172 1331 332 1401 notabilia
348 1346 397 1397 eat
413 1331 557 1398 variatio
570 1332 691 1398 harum
704 1333 957 1422 particularum,
979 1360 1044 1423 que
1058 1335 1171 1404 laeena
1183 1338 1215 1404 lr.
1228 1340 1275 1409 l.

172 1460 253 1503 uaus
275 1449 334 1500 est.
379 1432 488 1519 Magis
504 1433 606 1500 etium
618 1435 782 1519 notabile,
810 1436 897 1519 quod
919 1437 957 1503 in
978 1439 1085 1504 altero
1105 1441 1268 1513 membro

173 1537 194 1624 ἢ
222 1536 260 1604 οὔ
292 1535 399 1619 dixit,
437 1535 475 1601 in
497 1537 601 1602 altero
631 1533 733 1621 ἢμή,
773 1539 860 1624 quod
883 1563 946 1626 qua
975 1541 1105 1607 ratioue
1126 1542 1262 1609 defendi

60 1676 65 1687 ·
154 1640 294 1731 possit,
317 1662 386 1704 non
403 1637 483 1704 eatis
500 1637 666 1725 intelligo.
711 1639 855 1706 Videtur
866 1641 1004 1708 omnino
1020 1642 1105 1709 illud
1128 1642 1166 1710 οὔ
1182 1668 1251 1711 cor·

124 1728 134 1745 ’
173 1759 311 1831 ruptum
333 1764 416 1807 esse.
470 1739 514 1807 Et
534 1754 797 1828 permutatamm
818 1743 907 1809 inter
927 1766 962 1811 aa
983 1767 1003 1809 a
1023 1743 1176 1811 librariis
1194 1768 1245 1811 nu·
1308 1777 1309 1781 ¹

173 1846 349 1931 gationum
374 1843 528 1931 exempla
550 1866 620 1909 nou
637 1867 713 1909 rara
729 1857 817 1911 tunt.
860 1842 941 1912 Vid.
954 1868 1029 1914 var.
1048 1846 1126 1913 lect.
1140 1844 1182 1913 ad
1200 1867 1239 1913 or.

175 1949 217 2013 de
229 1947 390 2030 Dicaeog.
410 1945 483 2009 her.
508 1944 545 2030 ᾗ.
564 1944 618 2012 14.
637 1944 782 2013 Philoct.
798 1947 872 2013 lucr.
895 1945 932 2034 ᾖ.
950 1950 984 2015 2.
1001 1948 1163 2039 Apollod.
1181 1949 1238 2015 lar.

176 2056 212 2131 ff.
232 2048 288 2118 28.
312 2045 487 2138 Astyplril.
511 2047 584 2114 lter.
608 2046 646 2135 ᾖ.
669 2050 702 2114 7.
1185 2130 1189 2135 Ι
1309 2043 1312 2054 '

112 2180 115 2187 ·
262 2150 298 2237 ᾧ.
322 2147 377 2214 10.
402 2148 458 2211 ’ἵνα
476 2153 598 2230 μᾶλλον
628 2147 736 2225 αὐτοῖς
765 2145 927 2235 πιστεύητε
948 2156 1015 2216 κτλ.
1058 2150 1106 2219 Η.
1128 2174 1159 2219 e.
1183 2151 1238 2239 0¹⁰
1266 2164 1272 2179 '
1311 2164 1314 2181 ¹

174 2253 276 2338 mugra
295 2251 424 2316 testibus
443 2250 519 2314 meio
528 2249 637 2336 sedem
658 2252 833 2342 haberetis,
862 2253 893 2319 ai
910 2255 1080 2320 testimonii
1105 2255 1155 2319 erui
1172 2250 1241 2319 ueri
1305 2266 1308 2280 “

174 2370 275 2423 tutem
295 2377 357 2419 non
373 2353 509 2438 posthoc
529 2353 651 2418 dmum
667 2355 805 2439 probare
823 2357 935 2442 parati
954 2368 1075 2440 essent,
1106 2356 1166 2423 aed
1178 2352 1241 2441 jau
1306 2379 1308 2383 ’

175 2482 259 2524 nunc
274 2456 471 2542 probassent.
515 2452 590 2521 Hoc
611 2479 680 2521 non
701 2456 815 2525 dubito
837 2456 919 2545 quin
940 2457 1055 2524 multia
1077 2458 1243 2539 obscurum

173 2561 327 2628 futurum
357 2556 418 2641 ait,
445 2556 489 2624 iia
514 2557 650 2643 quidem
676 2573 781 2644 certe,
815 2559 873 2646 qui
900 2559 937 2625 in
964 2559 1071 2626 simili
1090 2556 1242 2626 sententia
1301 2576 1304 2585 ’

174 2662 261 2752 apud
293 2661 490 2751 Lycurgum
519 2659 557 2723 in
584 2659 703 2726 Leocr.
738 2661 855 2746 cap.9
887 2661 982 2727 miris
1013 2660 1122 2727 modia
1150 2680 1244 2749 nuper
1311 2676 1313 2690 ·

175 2777 348 2845 errarunt,
377 2776 465 2827 etue
481 2760 661 2826 indicatam
678 2761 812 2846 quidem
829 2786 944 2828 veram
960 2762 1245 2850 viamagnoacero
1287 2768 1290 2773 '

174 2878 364 2956 potuerunt.
407 2862 534 2951 Nempe
563 2864 626 2928 hoc
648 2864 781 2948 quidem
810 2863 890 2929 satis
911 2866 1050 2950 planum
1072 2888 1143 2930 ease
1166 2861 1248 2929 arbi·

174 2983 264 3050 tuor,
297 2989 362 3051 quo
384 2988 483 3031 seusu
504 2978 601 3030 testes
626 2964 790 3046 μέλλοντες
818 2963 935 3057 «ieiuno¹
948 2965 1068 3049 ἔλεγχον
1091 2965 1247 3049 dicautur,
1309 2956 1316 3007 '¹

175 3069 298 3157 quippe
326 3090 407 3152 quoa
430 3065 612 3132 testimonii
639 3067 692 3132 sui
719 3067 895 3134 veritatem
916 3083 1107 3157 praestare,
1139 3067 1248 3134 siim·
1315 3077 1316 3084 ’

173 3184 359 3262 pugnetur,
392 3182 541 3254 oporteat
562 3167 598 3232 in
619 3166 746 3257 judicio
767 3171 1060 3255 ψευδομαρτυριῶν.
1106 3168 1249 3258 Quicun-

174 3298 238 3362 que
265 3271 372 3357 igitur
390 3293 453 3361 puro
480 3285 562 3335 teste
583 3270 749 3356 loquitur,
777 3272 806 3338 ia
829 3296 863 3337 aa
885 3269 1068 3361 testimonii
1090 3271 1144 3337 sni
1163 3269 1247 3339 veri·

167 3372 273 3441 'tatem
305 3386 474 3459 praestare
497 3395 535 3437 ac
561 3373 725 3459 probare,
756 3373 786 3439 ai
809 3396 890 3461 opua
917 3372 979 3456 ait,
1009 3388 1165 3460 paratum
1185 3393 1248 3440 csta

173 3475 328 3545 ostendit.
373 3471 441 3542 Sed
463 3496 528 3558 qua
548 3473 683 3539 tandem
704 3474 851 3558 ratione,
878 3474 936 3561 qui
957 3497 1074 3541 servos
1092 3475 1134 3541 ad
1158 3496 1250 3562 qnae·

173 3579 317 3646 ationem
339 3574 415 3642 dedi
443 3575 645 3662 postulavit,
676 3576 739 3641 lrac
765 3574 837 3663 ipae
859 3600 897 3642 re
926 3589 1023 3642 testea
1044 3599 1126 3642 suna
1147 3576 1251 3643 dicere
1315 3570 1316 3573 '

172 3695 280 3770 potest
312 3678 433 3762 ἔλεγχον
454 3676 620 3740 δεδωκέναι
646 3677 715 3763 περὶ
744 3666 789 3742 ὧν
808 3680 1025 3763 μαρτυροῦσά
1054 3676 1251 3744 Tenendum

172 3797 221 3848 eat
242 3780 369 3866 igitur,
402 3778 432 3847 ai
461 3778 535 3865 quis
566 3802 681 3844 earum
710 3802 963 3863 catumeum,
996 3803 1140 3866 querum
1161 3793 1251 3845 testea

171 3885 392 3975 producturus
421 3897 510 3964 erat,
549 3880 649 3946 etiam
672 3880 712 3946 de
741 3880 848 3965 servis
880 3881 1108 3967 quaestionem
1141 3874 1252 3947 haberi

171 3987 294 4070 vellet,
332 3983 420 4048 hanc
447 3982 489 4046 ad
517 4007 590 4047 rem
619 3981 720 4049 etiam
750 3982 840 4072 ipsos
868 3981 947 4049 illoa
975 3997 1077 4049 testes
1105 3976 1252 4048 adhiberi

172 4087 308 4170 solitos,
345 4099 376 4150 et
398 4083 533 4170 quidem
563 4085 628 4167 ita,
659 4099 717 4167 ut,
749 4108 852 4171 quum
873 4100 1071 4170 provocaret
1100 4084 1253 4152 adversa·

172 4188 263 4254 rium
281 4188 323 4254 ad
333 4209 456 4255 -servoa
472 4186 528 4255 vel
542 4186 750 4252 exhibendos
765 4188 823 4253 vel
837 4185 1066 4278 accipiendos,
1088 4186 1170 4253 huic
1181 4206 1252 4275 pro·
