2632 4800
196 280 262 346 372
563 272 613 343 ΙΝ
634 272 917 343 ΟΒΔΤΙΟΝΕΜ

201 445 401 530 terlugeret,
425 442 463 531 ᾖ.
478 445 533 512 39.
547 480 591 494 -
608 439 712 529 ὥσπερ
733 434 819 509 οὗτοι
839 439 880 505 τὰ
900 443 957 505 τοῦ
978 433 1095 525 clippeo
1116 435 1263 524 πεποιήκοι

202 570 252 610 σιν
272 548 369 635 plane
390 544 507 611 eodem
528 544 628 610 modo
650 542 776 610 (lictum
799 557 866 626 est,
899 555 936 605 ut
956 541 1042 629 apud
1057 538 1261 633 Thucytdl,
1312 619 1314 629 Ι

204 648 263 715 99τ
301 648 353 710 καὶ
381 646 487 711 πολλοὶ
519 649 678 711 τοῦτο-
698 644 751 708 καὶ
783 642 920 728 ἔδρασαν
946 643 989 716 εἰς
1009 640 1150 727 φρέατα,
1181 664 1263 731 quum
1312 722 1314 731 Ι

205 745 418 837 praecesserit
429 746 473 821 εἰς
493 742 578 832 ὕδωρ
592 741 722 821 ἕαοτοδς
743 742 869 832 ῥίπτειν.
912 746 1004 830 Δρᾶν
1025 743 1116 810 euim
1138 758 1170 809 et
1189 748 1265 808 ποιεῖν
1312 752 1314 761 ’

207 870 443 937 saepenumero
464 847 552 912 nihil
574 846 641 913 nisi
666 846 789 936 prioris
810 844 908 913 verbi
929 845 1100 915 notionem
1119 856 1265 936 repetunt.
1311 903 1314 933 ἶ

210 948 263 1017 (if.
287 948 447 1039 Thucyd.
467 945 514 1031 V,
534 949 588 1012 70.
610 945 773 1014 Herodot.
796 942 849 1025 V,
870 949 925 1013 97.
1311 936 1314 967 ¹

293 1050 331 1136 ᾗ.
353 1050 408 1116 36.
438 1047 762 1130 δεδοκιμασμένος-
790 1053 930 1122 τοιοῦτος
954 1042 1042 1112 εἶναι.
1092 1046 1140 1114 Η.
1173 1071 1203 1115 c.
1230 1042 1270 1111 itt
1312 1036 1314 1065 ¹

210 1147 349 1225 τοιοῦτός
369 1152 449 1232 εἶμι,
476 1151 534 1216 vel
560 1154 701 1223 τοιοῦτος
726 1147 780 1214 ὤν.
824 1147 890 1216 sed
913 1149 999 1236 qnod
1029 1148 1179 1235 sequitur
1199 1146 1230 1211 ἵν
1246 1170 1270 1211 n

211 1260 274 1320 τῶν
299 1249 356 1316 aiu'
385 1250 499 1316 insieco
526 1250 783 1334 δοκιμασθέντων
811 1250 852 1316 tle
879 1252 978 1317 rebus
999 1249 1150 1317 nondum
1175 1244 1272 1332 fictir,

210 1356 268 1422 sed
286 1377 367 1441 quas
388 1352 448 1418 ille
468 1349 525 1418 τὸν
546 1353 783 1435 δοκιμασθέντα
803 1353 970 1418 facturum
982 1376 1053 1419 esse
1068 1350 1272 1444 judicaverat,

210 1457 324 1546 paullo
344 1453 541 1521 insolentius
562 1453 652 1519 haud
674 1454 773 1519 dubie
801 1454 925 1521 dictum
947 1468 1005 1519 est.
1048 1453 1157 1541 Atqui
1177 1473 1274 1519 moret

213 1553 353 1646 alicujus
375 1568 471 1641 atque
501 1553 676 1642 ingenium
698 1553 935 1644 experimentis
961 1578 1121 1640 cognosse
1143 1548 1276 1641 (δοκιμά-

214 1659 301 1744 σαι),
332 1658 395 1722 hoc
415 1657 525 1745 ipsum
544 1656 786 1742 quodammodo
802 1657 970 1724 continete
1000 1656 1192 1743 intelligere
1206 1676 1276 1743 qma

213 1760 260 1827 lia
287 1759 346 1824 ille
374 1756 474 1823 etiam
504 1758 640 1845 posthac
667 1760 815 1826 facturus
843 1758 898 1826 sit.
948 1753 1177 1843 Quamobrem
1206 1758 1276 1824 hacc

214 1884 343 1948 quoque
356 1873 491 1947 possunt
506 1860 741 1941 δοκιμασθέντα
762 1860 849 1944 dici,
881 1858 1119 1949 experimentis
1140 1873 1175 1925 et
1195 1856 1279 1947 quasi
1307 1918 1310 1923 .

107 2014 110 2019 .
215 1959 451 2049 speciminibus
464 1961 690 2049 praecognita.
733 1960 778 2029 Et
796 1963 883 2028 hanc
903 1962 1210 2050 interpretationem
1227 1981 1279 2028 ve·

213 2056 341 2128 ¹riorem
368 2061 514 2127 arbitror
544 2086 643 2150 quam
670 2086 754 2150 quae
784 2062 927 2130 Reislsio
958 2063 1095 2152 placuit.
1137 2060 1174 2130 Is
1196 2061 1280 2139 euim

216 2160 502 2249 „sigmflcatne,“
545 2163 612 2247 ait,
649 2189 788 2249 „eorum
815 2188 909 2230 uuum
940 2165 1081 2250 aliquid,
1110 2178 1203 2249 'quae
1230 2162 1284 2228 sali

206 2252 369 2352 socienda
393 2279 601 2349 proposuerat
632 2279 664 2330 et
691 2265 820 2349 fecisset
840 2267 906 2352 ipse
922 2269 1037 2352 procul
1054 2266 1152 2331 dubio
1171 2266 1202 2331 si
1218 2266 1282 2331 ditt-

217 2369 283 2433 titos
302 2363 520 2451 superfluisset,
548 2391 659 2452 eoque,
688 2369 773 2452 φοοδ
796 2367 862 2454 ipse
881 2391 944 2433 non
959 2369 1081 2453 potuit,
1101 2368 1183 2433 milti
1199 2390 1281 2443 exse·

218 2467 373 2554 quendum
403 2467 659 2533 dmmndauitt“
679 2506 723 2518 -
750 2470 834 2546 Mox
854 2468 895 2534 de
921 2460 1194 2560 gymnaSiarcluia
1219 2467 1279 2537 vil.

218 2568 371 2638 Boeckh.
389 2568 429 2633 ‹le
445 2593 559 2636 oecon.
575 2594 604 2635 r.
624 2595 656 2659 p.
666 2571 712 2638 A.
729 2571 747 2636 l
762 2597 796 2660 p.
807 2570 873 2638 494
889 2595 960 2658 sqq.
980 2584 1013 2637 et
1024 2569 1064 2636 sle
1083 2568 1278 2639 Prometheis

221 2673 343 2739 Meurs.
358 2669 474 2737 Graec.
498 2672 561 2739 fer.
584 2672 619 2737 h.
642 2696 677 2739 v.
701 2672 947 2760 Loquutionem
968 2688 1077 2738 autem
1098 2694 1279 2756 γομνασναο·

217 2781 282 2855 χεῖν
303 2773 347 2846 εἲς
366 2810 409 2821 -
429 2772 672 2840 illustravimus
694 2776 735 2839 ad
758 2799 808 2840 or.
831 2775 870 2840 ‹le
892 2774 1053 2861 Dicaeog.
1082 2775 1157 2842 her.
1181 2781 1215 2856 ᾗ.
1235 2773 1278 2840 36.

306 2873 343 2960 §.
357 2875 412 2940 38.
436 2872 492 2938 οὐκ
507 2874 540 2937 ἐκ
554 2876 730 2959 συμμορίας
744 2875 801 2959 τὴν
816 2881 893 2940 ναῦν
911 2872 1129 2959 ποιησάμενος.
1163 2874 1279 2964 Quippe

221 2973 370 3039 nondum
396 2972 556 3043 institutis
583 2977 644 3042 illo
674 2992 821 3066 tempore
841 2975 1280 3068 symmoriistrierarclsicis‚

222 3098 303 3163 quas
324 3074 404 3141 circ.
427 3076 566 3167 Olymp.
591 3075 664 3161 GV,
685 3076 720 3157 4,
742 3093 896 3164 quattuor
921 3080 1025 3166 igitur
1046 3095 1123 3146 aute
1144 3081 1228 3146 hanc
1244 3076 1279 3141 li·

222 3194 290 3243 tem
316 3175 411 3241 anuis
443 3177 590 3267 primum
620 3178 786 3245 institutas
818 3205 889 3247 esse
916 3180 1110 3248 Boeckhius
1141 3176 1278 3248 docetis

224 3301 338 3344 oecon.
355 3300 385 3343 r.
400 3303 433 3366 p.
445 3277 491 3342 A.
508 3276 545 3344 ll
559 3306 592 3369 p.
604 3281 678 3345 100.
710 3280 929 3364 Ποιηοάμενος
947 3299 1056 3348 autem
1077 3307 1147 3348 uon
1160 3284 1199 3349 ‹le
1214 3303 1278 3345 con·

223 3377 381 3445 struenda
401 3401 489 3444 nova
511 3404 616 3463 nave,
647 3382 703 3446 sed
727 3383 767 3448 ‹le
789 3384 965 3449 reficienda
982 3398 1082 3475 atque
1103 3380 1279 3450 instruenda

222 3494 334 3547 vetere
350 3477 577 3566 accipiendum
600 3497 659 3548 est.
702 3482 788 3549 Nam
805 3485 870 3550 hoc
891 3501 1017 3551 tantum
1038 3486 1278 3552 trierarchum

223 3602 344 3646 munus
372 3578 474 3646 fuisse
502 3581 705 3648 demonstrat
734 3583 781 3650 id.
811 3585 858 3650 ib.
886 3612 919 3675 p.
942 3589 997 3654 97.
1046 3586 1137 3654 lllud
1170 3603 1287 3674 quoquc·

132 3705 135 3709 ’
224 3679 297 3746 οὐδὲ
323 3677 464 3764 δεύτερος
491 3681 588 3758 αὐτὸς
615 3681 658 3748 ὢν
690 3684 768 3748 ἀλλὰ
801 3686 881 3750 κατὰ
910 3685 1010 3769 μόνας
1036 3687 1126 3753 idem
1155 3686 1278 3777 explicat

224 3806 258 3870 p.
271 3783 326 3866 89,
350 3797 381 3846 et
402 3779 459 3847 δύο
480 3782 534 3868 ἴση
556 3783 705 3851 διαλιπών
725 3787 772 3852 ib.
796 3812 829 3877 p.
845 3790 900 3859 82.
937 3788 1169 3874 Ἆφοσιοῦσθαν
1190 3803 1278 3855 autent

224 3884 460 3971 iuterpretatur
479 3882 717 3976 Harpocratio:
746 3890 782 3952 τὸ
803 3890 848 3972 μὴ
870 3889 995 3966 ἐντελῶς
1015 3915 1045 3956 τι
1065 3896 1210 3974 ποιῆσαι,
1229 3883 1278 3953 ἀλλ’

230 3981 333 4068 ὥσπερ
349 3980 438 4059 ὁσίας
456 3985 570 4067 ἕνεκεν,
596 3985 810 4074 posessione
823 3994 1037 4057 tantummodo
1061 4007 1094 4058 et
1114 3994 1205 4078 perusi
1221 3985 1281 4056 da'ct't

226 4108 322 4149 cussa
352 4087 476 4183 aliquid
505 4114 612 4172 ogere.
676 4089 774 4157 Cous.
808 4093 895 4160 Lex.
913 4091 1068 4182 ·Seguer.
1102 4121 1137 4186 p.
1159 4095 1222 4164 472
1245 4088 1307 4157 ἰοοΙ

225 4184 388 4257 Valckeu.
409 4189 451 4252 ad
472 4187 633 4259 Herodot.
656 4191 718 4277 lv,
742 4191 815 4260 154.
