<?xml version="1.0" encoding="UTF-8"?>
<!DOCTYPE html PUBLIC "-//W3C//DTD XHTML 1.0 Transitional//EN"
    "http://www.w3.org/TR/xhtml1/DTD/xhtml1-transitional.dtd">
<html xmlns="http://www.w3.org/1999/xhtml" xml:lang="en" lang="en">
 <head>
  <title>
</title>
<meta http-equiv="Content-Type" content="text/html;charset=utf-8" />
  <meta name='ocr-system' content='tesseract 3.04.00' />
  <meta name='ocr-capabilities' content='ocr_page ocr_carea ocr_par ocr_line ocrx_word'/>
</head>
<body>
  <div class='ocr_page' id='page_1' title='image "./isaeiorationesx00isaegoog_0366.png"; bbox 0 0 2632 4800; ppageno 0'>
   <div class='ocr_carea' id='block_1_1' title="bbox 165 204 1253 331">
    <p class='ocr_par' dir='ltr' id='par_1_1' title="bbox 165 204 1253 331">
     <span class='ocr_line' id='line_1_1' title="bbox 165 204 1253 331; baseline 0.006 -7"><span class='ocrx_word' id='word_1_1' title='bbox 165 266 168 271; x_wconf 94' lang='lat'><strong>·</strong></span> <span class='ocrx_word' id='word_1_2' title='bbox 250 254 314 325; x_wconf 84' lang='lat' dir='ltr'><strong>ns</strong></span> <span class='ocrx_word' id='word_1_3' title='bbox 336 252 723 326; x_wconf 78' lang='lat' dir='ltr'><strong>ruuoorsuours</strong></span> <span class='ocrx_word' id='word_1_4' title='bbox 744 204 1067 328; x_wconf 76' lang='lat' dir='ltr'><strong>ussnurrnrs.</strong></span> <span class='ocrx_word' id='word_1_5' title='bbox 1109 263 1200 331; x_wconf 76' lang='lat' dir='ltr'><strong>aua</strong></span> <span class='ocrx_word' id='word_1_6' title='bbox 1251 208 1253 212; x_wconf 30' lang='lat'><strong><em>¹</em></strong></span> 
     </span>
    </p>
   </div>
   <div class='ocr_carea' id='block_1_2' title="bbox 107 423 1286 617">
    <p class='ocr_par' dir='ltr' id='par_1_2' title="bbox 107 423 1286 617">
     <span class='ocr_line' id='line_1_2' title="bbox 119 423 1286 518; baseline 0.003 -27"><span class='ocrx_word' id='word_1_7' title='bbox 119 423 233 512; x_wconf 73' lang='lat' dir='ltr'><strong>gnatia</strong></span> <span class='ocrx_word' id='word_1_8' title='bbox 253 424 326 493; x_wconf 86' lang='lat' dir='ltr'><strong>sive</strong></span> <span class='ocrx_word' id='word_1_9' title='bbox 353 447 422 490; x_wconf 91' lang='lat' dir='ltr'><strong>non</strong></span> <span class='ocrx_word' id='word_1_10' title='bbox 444 423 628 511; x_wconf 78' lang='lat' dir='ltr'><strong>obsignatis</strong></span> <span class='ocrx_word' id='word_1_11' title='bbox 657 424 741 492; x_wconf 86' lang='lat' dir='ltr'><strong>locis</strong></span> <span class='ocrx_word' id='word_1_12' title='bbox 761 423 903 507; x_wconf 81' lang='lat' dir='ltr'><strong>liberam</strong></span> <span class='ocrx_word' id='word_1_13' title='bbox 923 427 1118 515; x_wconf 87' lang='lat' dir='ltr'><strong>inquirendi</strong></span> <span class='ocrx_word' id='word_1_14' title='bbox 1137 453 1198 518; x_wconf 91' lang='lat' dir='ltr'><strong>po·</strong></span> <span class='ocrx_word' id='word_1_15' title='bbox 1284 472 1286 475; x_wconf 92' lang='lat'><em>-</em></span> 
     </span>
     <span class='ocr_line' id='line_1_3' title="bbox 107 522 1194 617; baseline 0.003 -24"><span class='ocrx_word' id='word_1_16' title='bbox 107 534 273 593; x_wconf 74' lang='lat' dir='ltr'><strong>&#39;usuum</strong></span> <span class='ocrx_word' id='word_1_17' title='bbox 287 527 479 594; x_wconf 83' lang='lat' dir='ltr'><strong>concedere.</strong></span> <span class='ocrx_word' id='word_1_18' title='bbox 524 522 579 593; x_wconf 83' lang='lat' dir='ltr'><strong>Gs.</strong></span> <span class='ocrx_word' id='word_1_19' title='bbox 595 525 741 613; x_wconf 83' lang='lat' dir='ltr'><strong>interpp.</strong></span> <span class='ocrx_word' id='word_1_20' title='bbox 754 526 795 591; x_wconf 88' lang='lat' dir='ltr'><strong>ad</strong></span> <span class='ocrx_word' id='word_1_21' title='bbox 811 527 988 617; x_wconf 86' lang='lat' dir='ltr'><strong>Aristoph.</strong></span> <span class='ocrx_word' id='word_1_22' title='bbox 1003 531 1030 595; x_wconf 91' lang='lat'><strong>1.</strong></span> <span class='ocrx_word' id='word_1_23' title='bbox 1052 531 1079 597; x_wconf 93' lang='lat' dir='ltr'><strong>l.</strong></span> <span class='ocrx_word' id='word_1_24' title='bbox 1092 528 1194 616; x_wconf 80' lang='lat' dir='ltr'><strong>Petit.</strong></span> 
     </span>
    </p>
   </div>
   <div class='ocr_carea' id='block_1_3' title="bbox 116 618 1314 715">
    <p class='ocr_par' dir='ltr' id='par_1_3' title="bbox 116 618 1314 715">
     <span class='ocr_line' id='line_1_4' title="bbox 116 618 1314 715; baseline 0.003 -20"><span class='ocrx_word' id='word_1_25' title='bbox 116 624 227 713; x_wconf 78' lang='lat' dir='ltr'><strong>Legg&#39;.</strong></span> <span class='ocrx_word' id='word_1_26' title='bbox 248 625 321 694; x_wconf 79' lang='lat' dir='ltr'><strong>Au</strong></span> <span class='ocrx_word' id='word_1_27' title='bbox 343 651 378 715; x_wconf 89' lang='lat' dir='ltr'><strong>p.</strong></span> <span class='ocrx_word' id='word_1_28' title='bbox 399 629 474 696; x_wconf 90' lang='grc'><strong>639.</strong></span> <span class='ocrx_word' id='word_1_29' title='bbox 498 642 530 693; x_wconf 89' lang='lat' dir='ltr'><strong>et</strong></span> <span class='ocrx_word' id='word_1_30' title='bbox 549 624 708 695; x_wconf 86' lang='lat' dir='ltr'><strong>Heineco.</strong></span> <span class='ocrx_word' id='word_1_31' title='bbox 730 627 870 714; x_wconf 80' lang='lat' dir='ltr'><strong>Antiqu.</strong></span> <span class='ocrx_word' id='word_1_32' title='bbox 892 628 992 696; x_wconf 86' lang='lat' dir='ltr'><strong>Rom.</strong></span> <span class='ocrx_word' id='word_1_33' title='bbox 1015 629 1078 711; x_wconf 88' lang='lat' dir='ltr'><strong>IV,</strong></span> <span class='ocrx_word' id='word_1_34' title='bbox 1101 631 1133 715; x_wconf 91' lang='lat'><strong>1,</strong></span> <span class='ocrx_word' id='word_1_35' title='bbox 1154 632 1196 698; x_wconf 90' lang='lat'><strong>18</strong></span> <span class='ocrx_word' id='word_1_36' title='bbox 1271 692 1275 697; x_wconf 92' lang='lat'><strong>.</strong></span> <span class='ocrx_word' id='word_1_37' title='bbox 1309 618 1314 626; x_wconf 29' lang='lat'><em>³</em></span> 
     </span>
    </p>
   </div>
   <div class='ocr_carea' id='block_1_4' title="bbox 90 722 1287 2341">
    <p class='ocr_par' dir='ltr' id='par_1_4' title="bbox 115 722 1287 910">
     <span class='ocr_line' id='line_1_5' title="bbox 117 722 1287 820; baseline 0.002 -23"><span class='ocrx_word' id='word_1_38' title='bbox 117 728 179 816; x_wconf 85' lang='lat' dir='ltr'><strong>qui</strong></span> <span class='ocrx_word' id='word_1_39' title='bbox 193 728 451 797; x_wconf 76' lang='lat' dir='ltr'><strong>Atheniensium</strong></span> <span class='ocrx_word' id='word_1_40' title='bbox 472 752 601 796; x_wconf 88' lang='lat' dir='ltr'><strong>morem</strong></span> <span class='ocrx_word' id='word_1_41' title='bbox 623 722 699 795; x_wconf 82' lang='lat' dir='ltr'><strong>oum</strong></span> <span class='ocrx_word' id='word_1_42' title='bbox 711 727 1037 817; x_wconf 83' lang='lat' dir='ltr'><strong>Romanorumapte</strong></span> <span class='ocrx_word' id='word_1_43' title='bbox 1059 755 1195 820; x_wconf 85' lang='lat' dir='ltr'><strong>eompa-</strong></span> <span class='ocrx_word' id='word_1_44' title='bbox 1235 799 1239 806; x_wconf 86' lang='grc'><em>,</em></span> <span class='ocrx_word' id='word_1_45' title='bbox 1285 792 1287 799; x_wconf 95' lang='grc'><strong><em>.</em></strong></span> 
     </span>
     <span class='ocr_line' id='line_1_6' title="bbox 115 826 1110 910; baseline 0.003 -15"><span class='ocrx_word' id='word_1_46' title='bbox 115 844 184 901; x_wconf 77' lang='lat' dir='ltr'><strong>tat.</strong></span> <span class='ocrx_word' id='word_1_47' title='bbox 205 867 250 881; x_wconf 87' lang='lat'><strong>--</strong></span> <span class='ocrx_word' id='word_1_48' title='bbox 269 829 344 905; x_wconf 68' lang='lat' dir='ltr'><strong>rods</strong></span> <span class='ocrx_word' id='word_1_49' title='bbox 365 830 484 906; x_wconf 76' lang='grc' dir='ltr'><strong><em>οἰκέτας</em></strong></span> <span class='ocrx_word' id='word_1_50' title='bbox 505 826 709 907; x_wconf 74' lang='grc' dir='ltr'><strong><em>ἐξαιιοόντων</em></strong></span> <span class='ocrx_word' id='word_1_51' title='bbox 729 867 773 880; x_wconf 86' lang='lat'><em>-</em></span> <span class='ocrx_word' id='word_1_52' title='bbox 793 829 868 898; x_wconf 90' lang='lat' dir='ltr'><strong>soil.</strong></span> <span class='ocrx_word' id='word_1_53' title='bbox 890 831 934 905; x_wconf 79' lang='grc' dir='ltr'><strong>εἰς</strong></span> <span class='ocrx_word' id='word_1_54' title='bbox 953 829 1110 910; x_wconf 79' lang='grc' dir='ltr'><strong><em>βάσανον.</em></strong></span> 
     </span>
    </p>

    <p class='ocr_par' dir='ltr' id='par_1_5' title="bbox 113 928 1214 1420">
     <span class='ocr_line' id='line_1_7' title="bbox 204 928 1194 1047; baseline 0.004 -50"><span class='ocrx_word' id='word_1_55' title='bbox 204 932 242 1020; x_wconf 55' lang='grc' dir='ltr'><strong>ᾖ.</strong></span> <span class='ocrx_word' id='word_1_56' title='bbox 259 930 329 998; x_wconf 89' lang='grc'><strong>43.·</strong></span> <span class='ocrx_word' id='word_1_57' title='bbox 341 936 491 997; x_wconf 80' lang='grc' dir='ltr'><strong><em>Τοσαῦτα</em></strong></span> <span class='ocrx_word' id='word_1_58' title='bbox 510 932 569 1014; x_wconf 73' lang='grc' dir='ltr'><strong>μὲν</strong></span> <span class='ocrx_word' id='word_1_59' title='bbox 589 932 693 997; x_wconf 67' lang='grc' dir='ltr'><strong><em>τοίνυν</em></strong></span> <span class='ocrx_word' id='word_1_60' title='bbox 710 928 860 1047; x_wconf 77' lang='grc' dir='ltr'><strong><em>χρήματα</em></strong></span> <span class='ocrx_word' id='word_1_61' title='bbox 873 969 929 1000; x_wconf 89' lang='grc'><strong>-.</strong></span> <span class='ocrx_word' id='word_1_62' title='bbox 951 933 1103 1020; x_wconf 76' lang='lat' dir='ltr'><strong>Apparet</strong></span> <span class='ocrx_word' id='word_1_63' title='bbox 1118 948 1194 1001; x_wconf 90' lang='lat' dir='ltr'><strong>ante</strong></span> 
     </span>
     <span class='ocr_line' id='line_1_8' title="bbox 115 990 1192 1117; baseline -0.001 -14"><span class='ocrx_word' id='word_1_64' title='bbox 115 990 209 1103; x_wconf 74' lang='lat' dir='ltr'><strong>iruna</strong></span> <span class='ocrx_word' id='word_1_65' title='bbox 235 1035 347 1099; x_wconf 83' lang='lat' dir='ltr'><strong>locum</strong></span> <span class='ocrx_word' id='word_1_66' title='bbox 375 1057 542 1100; x_wconf 86' lang='lat' dir='ltr'><strong>unacum</strong></span> <span class='ocrx_word' id='word_1_67' title='bbox 569 1031 768 1101; x_wconf 68' lang='lat' dir='ltr'><strong>testimoniis</strong></span> <span class='ocrx_word' id='word_1_68' title='bbox 790 1033 891 1099; x_wconf 88' lang='lat' dir='ltr'><strong>etiam</strong></span> <span class='ocrx_word' id='word_1_69' title='bbox 911 1034 1059 1117; x_wconf 83' lang='lat' dir='ltr'><strong>indicem</strong></span> <span class='ocrx_word' id='word_1_70' title='bbox 1079 1057 1192 1102; x_wconf 88' lang='lat' dir='ltr'><strong>rerum</strong></span> 
     </span>
     <span class='ocr_line' id='line_1_9' title="bbox 114 1108 1214 1223; baseline 0 -22"><span class='ocrx_word' id='word_1_71' title='bbox 114 1150 345 1223; x_wconf 76' lang='lat' dir='ltr'><strong>sarreptanam</strong></span> <span class='ocrx_word' id='word_1_72' title='bbox 373 1135 548 1203; x_wconf 87' lang='lat' dir='ltr'><strong>recitatum</strong></span> <span class='ocrx_word' id='word_1_73' title='bbox 576 1158 658 1203; x_wconf 87' lang='lat' dir='ltr'><strong>esse.</strong></span> <span class='ocrx_word' id='word_1_74' title='bbox 701 1133 877 1201; x_wconf 85' lang='lat' dir='ltr'><strong>Excidit&#39;</strong></span> <span class='ocrx_word' id='word_1_75' title='bbox 865 1134 970 1219; x_wconf 76' lang='lat' dir='ltr'><strong>igitur</strong></span> <span class='ocrx_word' id='word_1_76' title='bbox 991 1136 1106 1201; x_wconf 89' lang='lat' dir='ltr'><strong>titulus</strong></span> <span class='ocrx_word' id='word_1_77' title='bbox 1126 1108 1191 1201; x_wconf 78' lang='lat' dir='ltr'><strong>lui·</strong></span> <span class='ocrx_word' id='word_1_78' title='bbox 1208 1171 1214 1177; x_wconf 93' lang='lat'>·</span> 
     </span>
     <span class='ocr_line' id='line_1_10' title="bbox 114 1230 1192 1327; baseline 0.001 -24"><span class='ocrx_word' id='word_1_79' title='bbox 114 1235 286 1327; x_wconf 77' lang='lat' dir='ltr'><strong>jusmodi.</strong></span> <span class='ocrx_word' id='word_1_80' title='bbox 329 1238 526 1324; x_wconf 77' lang='grc' dir='ltr'><strong><em>Μαρτυρίαι.</em></strong></span> <span class='ocrx_word' id='word_1_81' title='bbox 544 1230 742 1323; x_wconf 79' lang='grc' dir='ltr'><strong><em>Ἀπογραφὴ</em></strong></span> <span class='ocrx_word' id='word_1_82' title='bbox 752 1239 814 1301; x_wconf 83' lang='grc' dir='ltr'><strong>τῶν</strong></span> <span class='ocrx_word' id='word_1_83' title='bbox 840 1234 1088 1325; x_wconf 68' lang='grc' dir='ltr'><strong><em>ἕκφιορηθέντων</em></strong></span> <span class='ocrx_word' id='word_1_84' title='bbox 1113 1260 1192 1323; x_wconf 85' lang='grc' dir='ltr'><strong><em>χρη·</em></strong></span> 
     </span>
     <span class='ocr_line' id='line_1_11' title="bbox 113 1333 237 1420; baseline 0.016 -20"><span class='ocrx_word' id='word_1_85' title='bbox 113 1333 237 1420; x_wconf 82' lang='grc' dir='ltr'><strong><em>μάτων.</em></strong></span> 
     </span>
    </p>

    <p class='ocr_par' dir='ltr' id='par_1_6' title="bbox 100 1435 1189 1526">
     <span class='ocr_line' id='line_1_12' title="bbox 100 1435 1189 1526; baseline -0.002 -20"><span class='ocrx_word' id='word_1_86' title='bbox 100 1456 104 1463; x_wconf 90' lang='grc'><strong>’</strong></span> <span class='ocrx_word' id='word_1_87' title='bbox 203 1439 240 1526; x_wconf 73' lang='lat'><strong>§0</strong></span> <span class='ocrx_word' id='word_1_88' title='bbox 263 1436 320 1506; x_wconf 90' lang='grc'><strong>44.</strong></span> <span class='ocrx_word' id='word_1_89' title='bbox 348 1441 455 1515; x_wconf 70' lang='grc' dir='ltr'><strong><em>οἵτινες</em></strong></span> <span class='ocrx_word' id='word_1_90' title='bbox 475 1474 528 1507; x_wconf 80' lang='lat'><strong>-.</strong></span> <span class='ocrx_word' id='word_1_91' title='bbox 564 1439 686 1526; x_wconf 77' lang='lat' dir='ltr'><strong>Quippe</strong></span> <span class='ocrx_word' id='word_1_92' title='bbox 713 1439 768 1522; x_wconf 83' lang='lat' dir='ltr'><strong>qui</strong></span> <span class='ocrx_word' id='word_1_93' title='bbox 786 1442 828 1507; x_wconf 78' lang='lat' dir='ltr'><strong>v.</strong></span> <span class='ocrx_word' id='word_1_94' title='bbox 849 1439 1012 1524; x_wconf 82' lang='lat' dir='ltr'><strong>siquidem.</strong></span> <span class='ocrx_word' id='word_1_95' title='bbox 1054 1435 1189 1507; x_wconf 82' lang='lat' dir='ltr'><strong>Similia</strong></span> 
     </span>
    </p>

    <p class='ocr_par' dir='ltr' id='par_1_7' title="bbox 90 1538 1188 1730">
     <span class='ocr_line' id='line_1_13' title="bbox 90 1538 1188 1630; baseline 0.003 -24"><span class='ocrx_word' id='word_1_96' title='bbox 90 1618 94 1624; x_wconf 93' lang='lat'><strong>.</strong></span> <span class='ocrx_word' id='word_1_97' title='bbox 113 1538 244 1627; x_wconf 82' lang='lat' dir='ltr'><strong>aliquot</strong></span> <span class='ocrx_word' id='word_1_98' title='bbox 263 1565 341 1607; x_wconf 90' lang='lat' dir='ltr'><strong>usus</strong></span> <span class='ocrx_word' id='word_1_99' title='bbox 362 1540 622 1630; x_wconf 82' lang='lat' dir='ltr'><strong>frequentissimi</strong></span> <span class='ocrx_word' id='word_1_100' title='bbox 637 1538 790 1626; x_wconf 86' lang='lat' dir='ltr'><strong>exempla</strong></span> <span class='ocrx_word' id='word_1_101' title='bbox 805 1538 877 1609; x_wconf 84' lang='lat' dir='ltr'><strong>vid.</strong></span> <span class='ocrx_word' id='word_1_102' title='bbox 893 1564 948 1629; x_wconf 88' lang='lat' dir='ltr'><strong>ap.</strong></span> <span class='ocrx_word' id='word_1_103' title='bbox 959 1539 1188 1609; x_wconf 82' lang='lat' dir='ltr'><strong>Foertsolrium</strong></span> 
     </span>
     <span class='ocr_line' id='line_1_14' title="bbox 111 1642 449 1730; baseline 0.003 -20"><span class='ocrx_word' id='word_1_104' title='bbox 111 1666 238 1715; x_wconf 77' lang='lat' dir='ltr'><strong>nomm.</strong></span> <span class='ocrx_word' id='word_1_105' title='bbox 261 1642 336 1708; x_wconf 91' lang='lat' dir='ltr'><strong>crit.</strong></span> <span class='ocrx_word' id='word_1_106' title='bbox 358 1666 395 1730; x_wconf 91' lang='lat' dir='ltr'><strong>p.</strong></span> <span class='ocrx_word' id='word_1_107' title='bbox 415 1644 449 1711; x_wconf 89' lang='lat'><strong>8.</strong></span> 
     </span>
    </p>

    <p class='ocr_par' dir='ltr' id='par_1_8' title="bbox 90 1736 1287 2341">
     <span class='ocr_line' id='line_1_15' title="bbox 90 1736 1188 1829; baseline 0.001 -21"><span class='ocrx_word' id='word_1_108' title='bbox 90 1825 93 1829; x_wconf 20' lang='grc' dir='ltr'>Ι</span> <span class='ocrx_word' id='word_1_109' title='bbox 199 1744 302 1808; x_wconf 81' lang='grc' dir='ltr'><strong><em>καίτοι</em></strong></span> <span class='ocrx_word' id='word_1_110' title='bbox 330 1743 401 1808; x_wconf 75' lang='grc' dir='ltr'><strong>οὐδ’</strong></span> <span class='ocrx_word' id='word_1_111' title='bbox 432 1747 470 1821; x_wconf 77' lang='lat' dir='ltr'><strong>sl,</strong></span> <span class='ocrx_word' id='word_1_112' title='bbox 483 1740 603 1829; x_wconf 73' lang='grc' dir='ltr'><strong><em>γνήσιοι</em></strong></span> <span class='ocrx_word' id='word_1_113' title='bbox 633 1736 713 1829; x_wconf 75' lang='grc' dir='ltr'><strong><em>ἦσαν</em></strong></span> <span class='ocrx_word' id='word_1_114' title='bbox 733 1780 787 1810; x_wconf 84' lang='grc'><strong>-.</strong></span> <span class='ocrx_word' id='word_1_115' title='bbox 808 1743 952 1812; x_wconf 82' lang='lat' dir='ltr'><strong>Etiamsi</strong></span> <span class='ocrx_word' id='word_1_116' title='bbox 971 1742 1116 1829; x_wconf 78' lang='lat' dir='ltr'><strong>legitimi</strong></span> <span class='ocrx_word' id='word_1_117' title='bbox 1135 1766 1188 1809; x_wconf 85' lang='lat' dir='ltr'><strong>es·</strong></span> 
     </span>
     <span class='ocr_line' id='line_1_16' title="bbox 111 1840 1271 1933; baseline 0 -22"><span class='ocrx_word' id='word_1_118' title='bbox 111 1860 189 1933; x_wconf 67' lang='lat' dir='ltr'><strong>peut</strong></span> <span class='ocrx_word' id='word_1_119' title='bbox 207 1843 419 1914; x_wconf 88' lang='lat' dir='ltr'><strong>Euctemonis</strong></span> <span class='ocrx_word' id='word_1_120' title='bbox 449 1845 533 1929; x_wconf 89' lang='lat' dir='ltr'><strong>lilii,</strong></span> <span class='ocrx_word' id='word_1_121' title='bbox 566 1845 622 1911; x_wconf 91' lang='lat' dir='ltr'><strong>sed</strong></span> <span class='ocrx_word' id='word_1_122' title='bbox 645 1867 706 1931; x_wconf 86' lang='lat' dir='ltr'><strong>per</strong></span> <span class='ocrx_word' id='word_1_123' title='bbox 727 1840 940 1933; x_wconf 84' lang='lat' dir='ltr'><strong>adoptionem</strong></span> <span class='ocrx_word' id='word_1_124' title='bbox 961 1845 997 1912; x_wconf 89' lang='lat' dir='ltr'><strong>in</strong></span> <span class='ocrx_word' id='word_1_125' title='bbox 1018 1843 1188 1912; x_wconf 87' lang='lat' dir='ltr'><strong>Philocte·</strong></span> <span class='ocrx_word' id='word_1_126' title='bbox 1266 1896 1271 1903; x_wconf 84' lang='lat'><strong>.</strong></span> 
     </span>
     <span class='ocr_line' id='line_1_17' title="bbox 107 1945 1207 2037; baseline -0.001 -22"><span class='ocrx_word' id='word_1_127' title='bbox 107 1945 224 2015; x_wconf 73' lang='lat' dir='ltr'><strong>monis</strong></span> <span class='ocrx_word' id='word_1_128' title='bbox 246 1962 343 2032; x_wconf 89' lang='lat' dir='ltr'><strong>atque</strong></span> <span class='ocrx_word' id='word_1_129' title='bbox 362 1945 559 2034; x_wconf 84' lang='lat' dir='ltr'><strong>Ergamenis</strong></span> <span class='ocrx_word' id='word_1_130' title='bbox 581 1946 695 2013; x_wconf 90' lang='lat' dir='ltr'><strong>domos</strong></span> <span class='ocrx_word' id='word_1_131' title='bbox 717 1947 944 2037; x_wconf 85' lang='lat' dir='ltr'><strong>transiissent,</strong></span> <span class='ocrx_word' id='word_1_132' title='bbox 966 1946 1035 2037; x_wconf 81' lang='lat' dir='ltr'><strong>non</strong></span> <span class='ocrx_word' id='word_1_133' title='bbox 1054 1952 1207 2037; x_wconf 86' lang='lat' dir='ltr'><strong>possent&#39;</strong></span> 
     </span>
     <span class='ocr_line' id='line_1_18' title="bbox 108 2046 1287 2139; baseline -0.003 -22"><span class='ocrx_word' id='word_1_134' title='bbox 108 2072 203 2117; x_wconf 83' lang='lat' dir='ltr'><strong>nnnc</strong></span> <span class='ocrx_word' id='word_1_135' title='bbox 228 2049 267 2113; x_wconf 90' lang='lat' dir='ltr'><strong>in</strong></span> <span class='ocrx_word' id='word_1_136' title='bbox 287 2047 391 2133; x_wconf 85' lang='lat' dir='ltr'><strong>patris</strong></span> <span class='ocrx_word' id='word_1_137' title='bbox 412 2049 576 2125; x_wconf 78' lang='lat' dir='ltr'><strong>neutralis</strong></span> <span class='ocrx_word' id='word_1_138' title='bbox 598 2050 734 2116; x_wconf 89' lang='lat' dir='ltr'><strong>domum</strong></span> <span class='ocrx_word' id='word_1_139' title='bbox 755 2050 879 2117; x_wconf 89' lang='lat' dir='ltr'><strong>reverti</strong></span> <span class='ocrx_word' id='word_1_140' title='bbox 899 2051 1185 2139; x_wconf 80' lang='lat' dir='ltr'><strong>propter-legem,</strong></span> <span class='ocrx_word' id='word_1_141' title='bbox 1284 2046 1287 2051; x_wconf 69' lang='grc'><em>’</em></span> 
     </span>
     <span class='ocr_line' id='line_1_19' title="bbox 109 2136 1230 2239; baseline 0.002 -24"><span class='ocrx_word' id='word_1_142' title='bbox 109 2172 203 2237; x_wconf 87' lang='lat' dir='ltr'><strong>qnae.</strong></span> <span class='ocrx_word' id='word_1_143' title='bbox 218 2149 391 2236; x_wconf 86' lang='lat' dir='ltr'><strong>adoptivos</strong></span> <span class='ocrx_word' id='word_1_144' title='bbox 412 2149 501 2216; x_wconf 89' lang='lat' dir='ltr'><strong>filios</strong></span> <span class='ocrx_word' id='word_1_145' title='bbox 519 2149 562 2215; x_wconf 54' lang='lat' dir='ltr'><strong>*in</strong></span> <span class='ocrx_word' id='word_1_146' title='bbox 581 2166 755 2239; x_wconf 89' lang='lat' dir='ltr'><strong>paternam</strong></span> <span class='ocrx_word' id='word_1_147' title='bbox 782 2151 919 2218; x_wconf 91' lang='lat' dir='ltr'><strong>domum</strong></span> <span class='ocrx_word' id='word_1_148' title='bbox 939 2150 1063 2218; x_wconf 86' lang='lat' dir='ltr'><strong>reverti</strong></span> <span class='ocrx_word' id='word_1_149' title='bbox 1083 2165 1184 2235; x_wconf 85' lang='lat' dir='ltr'><strong>vetat,</strong></span> <span class='ocrx_word' id='word_1_150' title='bbox 1220 2136 1230 2145; x_wconf 55' lang='grc'><em>”</em></span> 
     </span>
     <span class='ocr_line' id='line_1_20' title="bbox 109 2250 1185 2341; baseline 0.004 -25"><span class='ocrx_word' id='word_1_151' title='bbox 109 2250 180 2316; x_wconf 86' lang='lat' dir='ltr'><strong>nisi</strong></span> <span class='ocrx_word' id='word_1_152' title='bbox 202 2251 231 2316; x_wconf 92' lang='lat' dir='ltr'><strong>si</strong></span> <span class='ocrx_word' id='word_1_153' title='bbox 251 2251 360 2316; x_wconf 87' lang='lat' dir='ltr'><strong>filium</strong></span> <span class='ocrx_word' id='word_1_154' title='bbox 383 2275 427 2317; x_wconf 86' lang='lat' dir='ltr'><strong>ex</strong></span> <span class='ocrx_word' id='word_1_155' title='bbox 447 2276 482 2317; x_wconf 85' lang='lat' dir='ltr'><strong>se</strong></span> <span class='ocrx_word' id='word_1_156' title='bbox 503 2268 620 2317; x_wconf 90' lang='lat' dir='ltr'><strong>natum</strong></span> <span class='ocrx_word' id='word_1_157' title='bbox 641 2267 737 2339; x_wconf 89' lang='lat' dir='ltr'><strong>atque</strong></span> <span class='ocrx_word' id='word_1_158' title='bbox 758 2253 948 2338; x_wconf 82' lang='lat' dir='ltr'><strong>legitimum</strong></span> <span class='ocrx_word' id='word_1_159' title='bbox 969 2253 1007 2318; x_wconf 92' lang='lat' dir='ltr'><strong>in</strong></span> <span class='ocrx_word' id='word_1_160' title='bbox 1027 2251 1185 2341; x_wconf 85' lang='lat' dir='ltr'><strong>adoptiva</strong></span> 
     </span>
    </p>
   </div>
   <div class='ocr_carea' id='block_1_5' title="bbox 108 2350 1222 2439">
    <p class='ocr_par' dir='ltr' id='par_1_9' title="bbox 108 2350 1222 2439">
     <span class='ocr_line' id='line_1_21' title="bbox 108 2350 1222 2439; baseline -0.012 -10"><span class='ocrx_word' id='word_1_161' title='bbox 108 2351 313 2439; x_wconf 72' lang='lat' dir='ltr'><strong>relinquant.</strong></span> <span class='ocrx_word' id='word_1_162' title='bbox 358 2352 438 2421; x_wconf 90' lang='lat' dir='ltr'><strong>Vid.</strong></span> <span class='ocrx_word' id='word_1_163' title='bbox 456 2353 654 2439; x_wconf 85' lang='lat' dir='ltr'><strong>Harpocrat.</strong></span> <span class='ocrx_word' id='word_1_164' title='bbox 677 2352 777 2421; x_wconf 88' lang='lat' dir='ltr'><strong>Phot.</strong></span> <span class='ocrx_word' id='word_1_165' title='bbox 797 2353 893 2421; x_wconf 87' lang='lat' dir='ltr'><strong>Suid.</strong></span> <span class='ocrx_word' id='word_1_166' title='bbox 915 2355 953 2421; x_wconf 91' lang='lat' dir='ltr'><strong>in</strong></span> <span class='ocrx_word' id='word_1_167' title='bbox 974 2352 1022 2421; x_wconf 79' lang='grc' dir='ltr'><strong>ὅτι</strong></span> <span class='ocrx_word' id='word_1_168' title='bbox 1042 2350 1073 2419; x_wconf 81' lang='lat' dir='ltr'><strong>oi</strong></span> <span class='ocrx_word' id='word_1_169' title='bbox 1093 2379 1184 2437; x_wconf 85' lang='grc' dir='ltr'><strong><em>ποιη-</em></strong></span> <span class='ocrx_word' id='word_1_170' title='bbox 1220 2351 1222 2355; x_wconf 71' lang='grc'>’</span> 
     </span>
    </p>
   </div>
   <div class='ocr_carea' id='block_1_6' title="bbox 103 2450 1232 2682">
    <p class='ocr_par' dir='ltr' id='par_1_10' title="bbox 103 2450 1232 2645">
     <span class='ocr_line' id='line_1_22' title="bbox 108 2450 1232 2544; baseline 0.001 -23"><span class='ocrx_word' id='word_1_171' title='bbox 108 2454 162 2521; x_wconf 70' lang='grc' dir='ltr'><strong>τοὶ</strong></span> <span class='ocrx_word' id='word_1_172' title='bbox 182 2455 299 2528; x_wconf 71' lang='grc' dir='ltr'><strong><em>παῖδας.</em></strong></span> <span class='ocrx_word' id='word_1_173' title='bbox 352 2453 528 2521; x_wconf 89' lang='lat' dir='ltr'><strong>Demosth.</strong></span> <span class='ocrx_word' id='word_1_174' title='bbox 552 2467 618 2525; x_wconf 76' lang='lat' dir='ltr'><strong>etr.</strong></span> <span class='ocrx_word' id='word_1_175' title='bbox 641 2452 803 2521; x_wconf 81' lang='lat' dir='ltr'><strong>Leochar.</strong></span> <span class='ocrx_word' id='word_1_176' title='bbox 825 2480 866 2544; x_wconf 91' lang='lat' dir='ltr'><strong>p.</strong></span> <span class='ocrx_word' id='word_1_177' title='bbox 856 2456 987 2538; x_wconf 86' lang='grc'><strong>.,1099</strong></span> <span class='ocrx_word' id='word_1_178' title='bbox 1009 2450 1183 2540; x_wconf 80' lang='lat'><strong>16.1100,</strong></span> <span class='ocrx_word' id='word_1_179' title='bbox 1226 2503 1232 2508; x_wconf 95' lang='grc'>-</span> 
     </span>
     <span class='ocr_line' id='line_1_23' title="bbox 103 2553 1181 2682; baseline -0.002 -59"><span class='ocrx_word' id='word_1_180' title='bbox 103 2556 167 2645; x_wconf 64' lang='grc'><strong>48.</strong></span> <span class='ocrx_word' id='word_1_181' title='bbox 211 2553 297 2622; x_wconf 80' lang='lat' dir='ltr'><strong>leae.</strong></span> <span class='ocrx_word' id='word_1_182' title='bbox 331 2556 371 2620; x_wconf 90' lang='lat' dir='ltr'><strong>de</strong></span> <span class='ocrx_word' id='word_1_183' title='bbox 398 2556 547 2645; x_wconf 83' lang='lat' dir='ltr'><strong>Astyph.</strong></span> <span class='ocrx_word' id='word_1_184' title='bbox 573 2555 646 2620; x_wconf 90' lang='lat' dir='ltr'><strong>her.</strong></span> <span class='ocrx_word' id='word_1_185' title='bbox 675 2553 713 2641; x_wconf 82' lang='lat'><strong>§.</strong></span> <span class='ocrx_word' id='word_1_186' title='bbox 736 2558 792 2631; x_wconf 90' lang='grc'><strong>33.</strong></span> <span class='ocrx_word' id='word_1_187' title='bbox 820 2556 861 2621; x_wconf 92' lang='lat' dir='ltr'><strong>de</strong></span> <span class='ocrx_word' id='word_1_188' title='bbox 890 2555 1080 2682; x_wconf 72' lang='lat' dir='ltr'><strong>Aristarch.</strong></span> <span class='ocrx_word' id='word_1_189' title='bbox 1106 2557 1181 2626; x_wconf 85' lang='lat' dir='ltr'><strong>her.</strong></span> 
     </span>
    </p>
   </div>
   <div class='ocr_carea' id='block_1_7' title="bbox 109 2652 1299 2749">
    <p class='ocr_par' dir='ltr' id='par_1_11' title="bbox 109 2652 1299 2749">
     <span class='ocr_line' id='line_1_24' title="bbox 109 2652 1299 2749; baseline -0.002 -25"><span class='ocrx_word' id='word_1_190' title='bbox 109 2658 295 2749; x_wconf 64' lang='lat'><strong>§.11.-</strong></span> <span class='ocrx_word' id='word_1_191' title='bbox 320 2657 495 2735; x_wconf 68' lang='grc' dir='ltr'><strong><em>ἐπανιέναι,</em></strong></span> <span class='ocrx_word' id='word_1_192' title='bbox 531 2655 604 2723; x_wconf 84' lang='lat' dir='ltr'><strong>scil.</strong></span> <span class='ocrx_word' id='word_1_193' title='bbox 636 2657 679 2730; x_wconf 78' lang='grc' dir='ltr'><strong>εἷς</strong></span> <span class='ocrx_word' id='word_1_194' title='bbox 704 2655 760 2721; x_wconf 81' lang='grc' dir='ltr'><strong>τὸν</strong></span> <span class='ocrx_word' id='word_1_195' title='bbox 788 2662 935 2744; x_wconf 75' lang='grc' dir='ltr'><strong><em>πατρῷον</em></strong></span> <span class='ocrx_word' id='word_1_196' title='bbox 963 2652 1068 2735; x_wconf 81' lang='grc' dir='ltr'><strong><em>οἶ,κον</em></strong></span> <span class='ocrx_word' id='word_1_197' title='bbox 1102 2679 1181 2743; x_wconf 84' lang='lat' dir='ltr'><strong>pro·</strong></span> <span class='ocrx_word' id='word_1_198' title='bbox 1297 2661 1299 2664; x_wconf 62' lang='grc'>’</span> 
     </span>
    </p>
   </div>
   <div class='ocr_carea' id='block_1_8' title="bbox 106 2756 1282 3667">
    <p class='ocr_par' dir='ltr' id='par_1_12' title="bbox 106 2756 1264 3357">
     <span class='ocr_line' id='line_1_25' title="bbox 106 2756 1236 2851; baseline 0.001 -27"><span class='ocrx_word' id='word_1_199' title='bbox 106 2758 224 2851; x_wconf 89' lang='lat' dir='ltr'><strong>prium</strong></span> <span class='ocrx_word' id='word_1_200' title='bbox 243 2758 425 2825; x_wconf 88' lang='lat' dir='ltr'><strong>hao1nre</strong></span> <span class='ocrx_word' id='word_1_201' title='bbox 445 2758 586 2826; x_wconf 85' lang='lat' dir='ltr'><strong>verbnm</strong></span> <span class='ocrx_word' id='word_1_202' title='bbox 608 2772 667 2825; x_wconf 91' lang='lat' dir='ltr'><strong>est.</strong></span> <span class='ocrx_word' id='word_1_203' title='bbox 712 2756 811 2840; x_wconf 83' lang='lat' dir='ltr'><strong>Quod</strong></span> <span class='ocrx_word' id='word_1_204' title='bbox 833 2772 943 2823; x_wconf 87' lang='lat' dir='ltr'><strong>autam</strong></span> <span class='ocrx_word' id='word_1_205' title='bbox 963 2756 1180 2825; x_wconf 87' lang='lat' dir='ltr'><strong>Reiskiusin</strong></span> <span class='ocrx_word' id='word_1_206' title='bbox 1233 2808 1236 2814; x_wconf 85' lang='lat'><em>-</em></span> 
     </span>
     <span class='ocr_line' id='line_1_26' title="bbox 107 2851 1180 2954; baseline -0.002 -27"><span class='ocrx_word' id='word_1_207' title='bbox 107 2860 167 2939; x_wconf 73' lang='lat' dir='ltr'><strong>his</strong></span> <span class='ocrx_word' id='word_1_208' title='bbox 189 2861 215 2925; x_wconf 77' lang='lat' dir='ltr'><strong>sl</strong></span> <span class='ocrx_word' id='word_1_209' title='bbox 244 2858 361 2954; x_wconf 73' lang='grc' dir='ltr'><strong><em>χνήσιοι</em></strong></span> <span class='ocrx_word' id='word_1_210' title='bbox 379 2851 461 2944; x_wconf 75' lang='grc' dir='ltr'><strong><em>ἦσαν</em></strong></span> <span class='ocrx_word' id='word_1_211' title='bbox 481 2859 760 2945; x_wconf 89' lang='lat' dir='ltr'><strong>interponendum</strong></span> <span class='ocrx_word' id='word_1_212' title='bbox 781 2874 873 2946; x_wconf 91' lang='lat' dir='ltr'><strong>putat</strong></span> <span class='ocrx_word' id='word_1_213' title='bbox 892 2859 968 2943; x_wconf 78' lang='grc' dir='ltr'><strong><em>μέν,</em></strong></span> <span class='ocrx_word' id='word_1_214' title='bbox 996 2859 1061 2925; x_wconf 89' lang='lat' dir='ltr'><strong>hoo</strong></span> <span class='ocrx_word' id='word_1_215' title='bbox 1082 2857 1180 2925; x_wconf 84' lang='lat' dir='ltr'><strong>facile</strong></span> 
     </span>
     <span class='ocr_line' id='line_1_27' title="bbox 108 2958 1180 3051; baseline -0.004 -20"><span class='ocrx_word' id='word_1_216' title='bbox 108 2962 375 3051; x_wconf 79' lang='lat' dir='ltr'><strong>supersedemus.</strong></span> <span class='ocrx_word' id='word_1_217' title='bbox 450 2958 503 3029; x_wconf 86' lang='lat' dir='ltr'><strong>cf.</strong></span> <span class='ocrx_word' id='word_1_218' title='bbox 534 2960 643 3029; x_wconf 86' lang='lat' dir='ltr'><strong>Zeun.</strong></span> <span class='ocrx_word' id='word_1_219' title='bbox 675 2962 716 3028; x_wconf 90' lang='lat' dir='ltr'><strong>ad</strong></span> <span class='ocrx_word' id='word_1_220' title='bbox 743 2959 862 3048; x_wconf 78' lang='lat' dir='ltr'><strong>Viget.</strong></span> <span class='ocrx_word' id='word_1_221' title='bbox 894 2985 927 3049; x_wconf 90' lang='lat' dir='ltr'><strong>p.</strong></span> <span class='ocrx_word' id='word_1_222' title='bbox 958 2959 1034 3029; x_wconf 85' lang='lat'><strong>536.</strong></span> <span class='ocrx_word' id='word_1_223' title='bbox 1064 2958 1180 3051; x_wconf 88' lang='lat' dir='ltr'><strong>Poppo</strong></span> 
     </span>
     <span class='ocr_line' id='line_1_28' title="bbox 108 3058 1264 3151; baseline -0.004 -20"><span class='ocrx_word' id='word_1_224' title='bbox 108 3065 292 3151; x_wconf 79' lang='lat' dir='ltr'><strong>phaervatt.</strong></span> <span class='ocrx_word' id='word_1_225' title='bbox 323 3064 362 3130; x_wconf 88' lang='lat' dir='ltr'><strong>in</strong></span> <span class='ocrx_word' id='word_1_226' title='bbox 387 3062 499 3130; x_wconf 81' lang='lat' dir='ltr'><strong>Thus.</strong></span> <span class='ocrx_word' id='word_1_227' title='bbox 528 3085 569 3149; x_wconf 89' lang='lat' dir='ltr'><strong>p.</strong></span> <span class='ocrx_word' id='word_1_228' title='bbox 596 3064 651 3131; x_wconf 81' lang='grc'><strong>26.</strong></span> <span class='ocrx_word' id='word_1_229' title='bbox 679 3061 819 3131; x_wconf 83' lang='lat' dir='ltr'><strong>Haecke</strong></span> <span class='ocrx_word' id='word_1_230' title='bbox 846 3063 888 3129; x_wconf 87' lang='lat' dir='ltr'><strong>ad</strong></span> <span class='ocrx_word' id='word_1_231' title='bbox 917 3061 1028 3129; x_wconf 84' lang='lat' dir='ltr'><strong>Thuo.</strong></span> <span class='ocrx_word' id='word_1_232' title='bbox 1063 3058 1094 3149; x_wconf 84' lang='lat' dir='ltr'><strong>I,</strong></span> <span class='ocrx_word' id='word_1_233' title='bbox 1123 3061 1176 3127; x_wconf 76' lang='lat'><strong>12.</strong></span> <span class='ocrx_word' id='word_1_234' title='bbox 1262 3092 1264 3095; x_wconf 90' lang='grc'><em>·</em></span> 
     </span>
     <span class='ocr_line' id='line_1_29' title="bbox 108 3162 1178 3257; baseline -0.007 -22"><span class='ocrx_word' id='word_1_235' title='bbox 108 3165 338 3235; x_wconf 89' lang='lat' dir='ltr'><strong>Bornemann.</strong></span> <span class='ocrx_word' id='word_1_236' title='bbox 359 3167 400 3232; x_wconf 91' lang='lat' dir='ltr'><strong>de</strong></span> <span class='ocrx_word' id='word_1_237' title='bbox 421 3165 544 3253; x_wconf 87' lang='lat' dir='ltr'><strong>epilog.</strong></span> <span class='ocrx_word' id='word_1_238' title='bbox 568 3162 695 3257; x_wconf 80' lang='lat' dir='ltr'><strong>Cyrop.</strong></span> <span class='ocrx_word' id='word_1_239' title='bbox 720 3188 755 3254; x_wconf 90' lang='lat' dir='ltr'><strong>p.</strong></span> <span class='ocrx_word' id='word_1_240' title='bbox 780 3166 831 3232; x_wconf 89' lang='grc'><strong>13.</strong></span> <span class='ocrx_word' id='word_1_241' title='bbox 854 3165 945 3232; x_wconf 85' lang='lat' dir='ltr'><strong>Add.</strong></span> <span class='ocrx_word' id='word_1_242' title='bbox 968 3164 1008 3230; x_wconf 91' lang='lat' dir='ltr'><strong>de</strong></span> <span class='ocrx_word' id='word_1_243' title='bbox 1029 3162 1178 3257; x_wconf 65' lang='lat' dir='ltr'><strong>Astyph.</strong></span> 
     </span>
     <span class='ocr_line' id='line_1_30' title="bbox 108 3266 713 3357; baseline 0 -22"><span class='ocrx_word' id='word_1_244' title='bbox 108 3267 186 3336; x_wconf 83' lang='lat' dir='ltr'><strong>hor.</strong></span> <span class='ocrx_word' id='word_1_245' title='bbox 209 3273 243 3348; x_wconf 77' lang='lat'><strong>§.</strong></span> <span class='ocrx_word' id='word_1_246' title='bbox 265 3271 319 3335; x_wconf 82' lang='lat'><strong>32.</strong></span> <span class='ocrx_word' id='word_1_247' title='bbox 341 3291 403 3355; x_wconf 90' lang='lat' dir='ltr'><strong>pro</strong></span> <span class='ocrx_word' id='word_1_248' title='bbox 424 3266 595 3355; x_wconf 83' lang='lat' dir='ltr'><strong>Euphilet.</strong></span> <span class='ocrx_word' id='word_1_249' title='bbox 619 3267 655 3357; x_wconf 58' lang='grc' dir='ltr'><strong>ᾗ.</strong></span> <span class='ocrx_word' id='word_1_250' title='bbox 679 3269 713 3336; x_wconf 93' lang='grc'><strong>6.</strong></span> 
     </span>
    </p>

    <p class='ocr_par' dir='ltr' id='par_1_13' title="bbox 177 3365 1282 3457">
     <span class='ocr_line' id='line_1_31' title="bbox 177 3365 1282 3457; baseline -0.005 -20"><span class='ocrx_word' id='word_1_251' title='bbox 177 3370 235 3457; x_wconf 53' lang='grc' dir='ltr'><strong>ᾗ.</strong></span> <span class='ocrx_word' id='word_1_252' title='bbox 256 3369 311 3437; x_wconf 81' lang='grc'><strong>45.</strong></span> <span class='ocrx_word' id='word_1_253' title='bbox 338 3370 453 3435; x_wconf 76' lang='grc' dir='ltr'><strong><em>τοῖσδε.</em></strong></span> <span class='ocrx_word' id='word_1_254' title='bbox 497 3367 544 3435; x_wconf 91' lang='grc' dir='ltr'><strong>Η.</strong></span> <span class='ocrx_word' id='word_1_255' title='bbox 572 3394 603 3437; x_wconf 91' lang='lat' dir='ltr'><strong>e.</strong></span> <span class='ocrx_word' id='word_1_256' title='bbox 624 3367 845 3436; x_wconf 86' lang='lat' dir='ltr'><strong>Phanostrato</strong></span> <span class='ocrx_word' id='word_1_257' title='bbox 874 3390 913 3434; x_wconf 89' lang='lat' dir='ltr'><strong>ao</strong></span> <span class='ocrx_word' id='word_1_258' title='bbox 934 3365 1176 3439; x_wconf 79' lang='lat' dir='ltr'><strong>Chaerestrato.</strong></span> <span class='ocrx_word' id='word_1_259' title='bbox 1277 3374 1282 3379; x_wconf 87' lang='lat'>&#39;</span> 
     </span>
    </p>

    <p class='ocr_par' dir='ltr' id='par_1_14' title="bbox 109 3465 1177 3667">
     <span class='ocr_line' id='line_1_32' title="bbox 197 3465 1177 3565; baseline -0.003 -28"><span class='ocrx_word' id='word_1_260' title='bbox 197 3469 240 3548; x_wconf 80' lang='grc' dir='ltr'><strong>ὥς</strong></span> <span class='ocrx_word' id='word_1_261' title='bbox 259 3470 348 3538; x_wconf 76' lang='grc' dir='ltr'><strong><em>οὐδὲν</em></strong></span> <span class='ocrx_word' id='word_1_262' title='bbox 376 3471 481 3565; x_wconf 76' lang='grc' dir='ltr'><strong>αὐτοῖςΙ</strong></span> <span class='ocrx_word' id='word_1_263' title='bbox 507 3476 669 3557; x_wconf 78' lang='grc' dir='ltr'><strong><em>προσῆκεν.</em></strong></span> <span class='ocrx_word' id='word_1_264' title='bbox 712 3469 796 3539; x_wconf 85' lang='lat' dir='ltr'><strong>Scit.</strong></span> <span class='ocrx_word' id='word_1_265' title='bbox 818 3468 854 3535; x_wconf 81' lang='lat' dir='ltr'><strong>sd</strong></span> <span class='ocrx_word' id='word_1_266' title='bbox 876 3473 1084 3551; x_wconf 73' lang='grc' dir='ltr'><strong><em>μισθωθῆναι</em></strong></span> <span class='ocrx_word' id='word_1_267' title='bbox 1103 3465 1177 3542; x_wconf 66' lang='grc' dir='ltr'><strong><em>τοῦς</em></strong></span> 
     </span>
     <span class='ocr_line' id='line_1_33' title="bbox 109 3567 1176 3667; baseline -0.005 -30"><span class='ocrx_word' id='word_1_268' title='bbox 109 3571 225 3667; x_wconf 67' lang='lat' dir='ltr'><strong>piltona.</strong></span> <span class='ocrx_word' id='word_1_269' title='bbox 266 3573 352 3639; x_wconf 91' lang='lat' dir='ltr'><strong>Nam</strong></span> <span class='ocrx_word' id='word_1_270' title='bbox 373 3572 616 3659; x_wconf 80' lang='grc' dir='ltr'><strong><em>ἀποχειροτονιῖν</em></strong></span> <span class='ocrx_word' id='word_1_271' title='bbox 637 3573 673 3641; x_wconf 87' lang='lat' dir='ltr'><strong>lr.</strong></span> <span class='ocrx_word' id='word_1_272' title='bbox 702 3573 728 3639; x_wconf 91' lang='lat' dir='ltr'><strong>l.</strong></span> <span class='ocrx_word' id='word_1_273' title='bbox 755 3572 845 3638; x_wconf 91' lang='lat' dir='ltr'><strong>idem</strong></span> <span class='ocrx_word' id='word_1_274' title='bbox 865 3572 956 3639; x_wconf 83' lang='lat' dir='ltr'><strong>valet</strong></span> <span class='ocrx_word' id='word_1_275' title='bbox 975 3587 1072 3657; x_wconf 89' lang='lat' dir='ltr'><strong>atque</strong></span> <span class='ocrx_word' id='word_1_276' title='bbox 1092 3567 1176 3633; x_wconf 82' lang='lat' dir='ltr'><strong>duu-</strong></span> 
     </span>
    </p>
   </div>
   <div class='ocr_carea' id='block_1_9' title="bbox 108 3671 1304 3763">
    <p class='ocr_par' dir='ltr' id='par_1_15' title="bbox 108 3671 1304 3763">
     <span class='ocr_line' id='line_1_34' title="bbox 108 3671 1304 3763; baseline -0.004 -22"><span class='ocrx_word' id='word_1_277' title='bbox 108 3674 264 3763; x_wconf 77' lang='lat' dir='ltr'><strong>popeo‘uv,</strong></span> <span class='ocrx_word' id='word_1_278' title='bbox 301 3677 438 3763; x_wconf 86' lang='lat' dir='ltr'><strong>proprie</strong></span> <span class='ocrx_word' id='word_1_279' title='bbox 469 3675 633 3763; x_wconf 73' lang='lat' dir='ltr'><strong>suffragiis</strong></span> <span class='ocrx_word' id='word_1_280' title='bbox 662 3675 736 3741; x_wconf 76' lang='lat' dir='ltr'><strong>lutis</strong></span> <span class='ocrx_word' id='word_1_281' title='bbox 767 3675 933 3740; x_wconf 79' lang='lat' dir='ltr'><strong>declarare</strong></span> <span class='ocrx_word' id='word_1_282' title='bbox 962 3671 1086 3757; x_wconf 79' lang='lat' dir='ltr'><strong>aliquid</strong></span> <span class='ocrx_word' id='word_1_283' title='bbox 1112 3694 1176 3737; x_wconf 84' lang='grc' dir='ltr'><strong><em>ιιονι</em></strong></span> <span class='ocrx_word' id='word_1_284' title='bbox 1299 3684 1304 3699; x_wconf 87' lang='grc'><strong>’</strong></span> 
     </span>
    </p>
   </div>
   <div class='ocr_carea' id='block_1_10' title="bbox 106 3771 1174 4065">
    <p class='ocr_par' dir='ltr' id='par_1_16' title="bbox 106 3771 1174 3971">
     <span class='ocr_line' id='line_1_35' title="bbox 109 3771 1174 3865; baseline -0.002 -24"><span class='ocrx_word' id='word_1_285' title='bbox 109 3802 176 3865; x_wconf 70' lang='lat' dir='ltr'><strong>esse</strong></span> <span class='ocrx_word' id='word_1_286' title='bbox 195 3779 251 3845; x_wconf 87' lang='lat' dir='ltr'><strong>vel</strong></span> <span class='ocrx_word' id='word_1_287' title='bbox 272 3802 333 3843; x_wconf 86' lang='grc' dir='ltr'><strong>αοα</strong></span> <span class='ocrx_word' id='word_1_288' title='bbox 354 3778 467 3843; x_wconf 81' lang='lat' dir='ltr'><strong>delere</strong></span> <span class='ocrx_word' id='word_1_289' title='bbox 492 3776 587 3861; x_wconf 70' lang='lat' dir='ltr'><strong>fieri,</strong></span> <span class='ocrx_word' id='word_1_290' title='bbox 619 3776 801 3863; x_wconf 81' lang='lat' dir='ltr'><strong>diciturque</strong></span> <span class='ocrx_word' id='word_1_291' title='bbox 827 3798 895 3841; x_wconf 90' lang='lat' dir='ltr'><strong>non</strong></span> <span class='ocrx_word' id='word_1_292' title='bbox 915 3795 993 3839; x_wconf 86' lang='lat' dir='ltr'><strong>raro</strong></span> <span class='ocrx_word' id='word_1_293' title='bbox 1014 3771 1114 3839; x_wconf 84' lang='lat' dir='ltr'><strong>etiam</strong></span> <span class='ocrx_word' id='word_1_294' title='bbox 1132 3772 1174 3839; x_wconf 90' lang='lat' dir='ltr'><strong>de</strong></span> 
     </span>
     <span class='ocr_line' id='line_1_36' title="bbox 106 3873 1174 4065; baseline -0.01 -115"><span class='ocrx_word' id='word_1_295' title='bbox 106 3878 258 4065; x_wconf 75' lang='lat' dir='ltr'><strong>judicum</strong></span> <span class='ocrx_word' id='word_1_296' title='bbox 287 3879 476 3963; x_wconf 81' lang='lat' dir='ltr'><strong>sententiis,</strong></span> <span class='ocrx_word' id='word_1_297' title='bbox 509 3879 588 3945; x_wconf 89' lang='lat' dir='ltr'><strong>licet</strong></span> <span class='ocrx_word' id='word_1_298' title='bbox 613 3879 652 3944; x_wconf 90' lang='lat' dir='ltr'><strong>hi</strong></span> <span class='ocrx_word' id='word_1_299' title='bbox 677 3901 744 3944; x_wconf 90' lang='lat' dir='ltr'><strong>non</strong></span> <span class='ocrx_word' id='word_1_300' title='bbox 765 3875 919 3941; x_wconf 88' lang='lat' dir='ltr'><strong>manibus</strong></span> <span class='ocrx_word' id='word_1_301' title='bbox 939 3873 1078 3943; x_wconf 81' lang='lat' dir='ltr'><strong>sublatis</strong></span> <span class='ocrx_word' id='word_1_302' title='bbox 1097 3895 1174 3941; x_wconf 78' lang='lat' dir='ltr'><strong>seu·</strong></span> 
     </span>
    </p>
   </div>
   <div class='ocr_carea' id='block_1_11' title="bbox 107 4127 1172 4271">
    <p class='ocr_par' dir='ltr' id='par_1_17' title="bbox 107 4127 1172 4271">
     <span class='ocr_line' id='line_1_37' title="bbox 107 4127 1172 4271; baseline -0.001 -22"><span class='ocrx_word' id='word_1_303' title='bbox 107 4183 388 4269; x_wconf 73' lang='grc' dir='ltr'><strong><em>ροιονῆσατεοοίΙ.</em></strong></span> <span class='ocrx_word' id='word_1_304' title='bbox 405 4179 538 4268; x_wconf 80' lang='grc' dir='ltr'><strong><em>μὴεῖναι</em></strong></span> <span class='ocrx_word' id='word_1_305' title='bbox 526 4127 775 4267; x_wconf 78' lang='grc' dir='ltr'><strong><em>κληρονόμους.</em></strong></span> <span class='ocrx_word' id='word_1_306' title='bbox 795 4177 851 4248; x_wconf 80' lang='lat' dir='ltr'><strong>(if.</strong></span> <span class='ocrx_word' id='word_1_307' title='bbox 864 4180 906 4246; x_wconf 89' lang='lat' dir='ltr'><strong>de</strong></span> <span class='ocrx_word' id='word_1_308' title='bbox 922 4180 1036 4249; x_wconf 83' lang='lat' dir='ltr'><strong>comit.</strong></span> <span class='ocrx_word' id='word_1_309' title='bbox 1051 4203 1086 4271; x_wconf 86' lang='lat' dir='ltr'><strong>p.</strong></span> <span class='ocrx_word' id='word_1_310' title='bbox 1098 4178 1172 4249; x_wconf 78' lang='grc'><strong>124.</strong></span> 
     </span>
    </p>
   </div>
   <div class='ocr_carea' id='block_1_12' title="bbox 0 0 1320 4800">
    <p class='ocr_par' dir='ltr' id='par_1_18' title="bbox 0 0 1320 4800">
     <span class='ocr_line' id='line_1_38' title="bbox 0 0 1320 4800; baseline 0 2"><span class='ocrx_word' id='word_1_311' title='bbox 0 0 1320 4800; x_wconf 95' lang='lat' dir='ltr'><strong> </strong></span> 
     </span>
    </p>
   </div>
  </div>
 </body>
</html>
