2632 4800
213 294 278 362 uu
300 255 610 368 ueouuouom
631 297 953 369 uenenum.
1061 301 1126 368 ers

130 464 169 552 ᾗ.
192 464 250 559 39.x
270 460 314 538 ὥς
335 461 455 528 ἱππάδα
476 463 511 528 δὲ
532 469 627 530 τελῶν
647 501 702 533 -.
732 468 780 534 H.
803 492 831 533 e.
854 468 951 554 φατοί
976 470 1123 556 eqtsestsis

81 588 155 653 sture
171 566 293 630 τιτίιιιλα
312 566 465 650 pendeat.
508 564 656 635 Fuerunt
683 565 789 652 igitur
809 567 909 636 etium
930 562 994 636 line
1016 585 1121 636 aetate

81 652 159 734 itera
186 666 341 733 classium
373 664 527 751 nomina,
560 666 640 733 licet
667 692 768 734 censu
796 668 870 757 ipso
903 670 992 736 haud
1021 671 1120 739 dubie

83 768 185 835 ute'to.
240 765 339 834 θοαί.
370 766 522 835 Boeckh.
550 770 576 835 l.
604 770 629 834 Ι.
657 794 690 857 p.
713 766 769 853 42,
802 794 1001 858 quemquam
1027 773 1058 839 is
1079 772 1120 838 de

81 869 209 960 ronapis
237 882 341 935 aetate
368 869 533 936 incautius
562 869 699 958 judicat.
762 869 832 956 Qui
857 872 983 938 fuerint
1010 888 1120 940 eutem

81 996 110 1041 te
130 985 279 1059 tempore
299 968 528 1056 magistratus,
557 971 598 1037 ad
621 995 702 1058 quos
723 972 951 1062 adipiscendos
971 989 1120 1062 equester

81 1097 162 1141 usus
191 1071 434 1159 requireretur,
473 1096 542 1138 non
562 1070 683 1157 liquet3
717 1072 785 1140 nisi
812 1075 894 1141 tales
915 1075 1018 1143 fnisse
1040 1100 1120 1142 con·

82 1191 239 1243 maneum
261 1188 327 1256 est,
350 1174 406 1259 qui
428 1198 504 1239 eum
526 1172 637 1259 aliqua
657 1174 817 1263 pecuniae
837 1176 989 1265 publicae
1011 1177 1119 1243 udmi·

81 1274 243 1358 erratione
259 1273 427 1363 conjuncti
444 1289 563 1341 essent.
605 1274 692 1342 Nam
708 1274 749 1342 ud
770 1293 895 1345 ceteros
914 1264 1005 1344 liuud
1022 1278 1120 1344 dubie

81 1364 200 1445 unium
222 1377 379 1443 classium
400 1376 530 1443 civibus
552 1376 659 1441 aditus
680 1379 812 1466 patebat
831 1377 909 1444 iude
931 1381 974 1444 ab
993 1379 1120 1446 Aristi·

81 1494 239 1549 ssetute.
293 1478 397 1546 Plura
426 1480 488 1543 hae
511 1478 551 1542 de
578 1501 616 1544 re
636 1478 707 1545 vid.
738 1502 791 1568 ep.
813 1478 1023 1549 Boeokhium
1044 1483 1070 1550 l.
1092 1482 1118 1550 l.

100 1580 143 1675 de
169 1579 281 1648 comit.
301 1605 342 1679 P·
365 1580 440 1646 312.
463 1616 506 1631 —-
544 1575 700 1646 Gete'rum
727 1580 805 1646 citet
832 1596 983 1651 nostrum
1008 1585 1120 1652 locum

81 1683 269 1775 drpooretio
292 1704 325 1750 v.
348 1676 455 1755 ἱππάς.

134 1784 172 1875 §-
194 1786 249 1853 40.
265 1780 548 1867 οέξιλειτοῦργηοιι.
605 1781 750 1853 inventu
777 1787 890 1876 paullo
919 1786 1028 1854 rarius
1055 1787 1120 1853 hoe

81 1888 188 1955 uuum
206 1884 365 1954 Reiskius
387 1884 505 1951 merito
528 1884 624 1967 dieit3
653 1887 805 1972 equidem
827 1911 879 1953 me
900 1888 935 1952 id
958 1910 1120 1975 nusquam

82 1988 114 2057 si
141 1988 204 2055 hoc
231 1988 307 2054 loco
333 1987 446 2072 legere
472 1987 631 2071 memini,
659 2011 766 2073 neque
786 1987 823 2054 iu
843 1989 1051 2056 Londinensi
1071 1988 1118 2056 Η.

81 2089 210 2181 tephani
226 2088 369 2155 editione
382 2089 516 2154 aliunde
532 2088 664 2154 citetur.
709 2072 884 2177 Signilioet
898 2105 1008 2157 autem
1029 2091 1119 2156 haud

81 2192 148 2259 thie
171 2192 203 2269 ἐξ
223 2192 261 2257 in
283 2193 345 2256 hac
366 2191 604 2293 compositione
632 2190 776 2257 sirmio
798 2193 873 2258 eliis
894 2192 1120 2282 compluribus

81 2293 281 2361 erfeotionem
310 2291 358 2357 rei
380 2308 411 2358 et
433 2292 694 2377 absolutionem,
725 2294 760 2360 h.
784 2319 815 2362 e.
837 2294 884 2360 ita
903 2293 1003 2361 illum
1021 2293 1121 2359 litur-

82 2398 113 2463 is
134 2396 344 2485 perfunctum
365 2417 455 2474 esse,
484 2409 520 2459 ut
540 2393 628 2460 nihil
649 2395 770 2480 reliqui
790 2396 933 2479 secet-et,
963 2396 1049 2483 quod
1063 2394 1120 2461 de·

81 2497 189 2565 deteri
210 2512 333 2586 posset:
362 2510 398 2561 ut
417 2497 530 2585 paullo
552 2510 624 2584 post
647 2496 743 2564 dicit:
775 2497 810 2563 τί
832 2495 1056 2583 παραλέλοιπεν
1076 2487 1120 2563 ὧν

81 2596 217 2685 inuito,-
249 2597 395 2663 -Mox
415 2599 447 2662 ἐν
468 2621 602 2684 πρωτοις
623 2596 771 2666 Wolfius
791 2598 943 2688 prolegg.
966 2599 1007 2664 ad
1020 2597 1119 2666 Dem-

81 2700 182 2793 eptin.
205 2726 239 2789 p.
261 2697 395 2766 XCVII
417 2699 541 2766 dietum
571 2723 640 2766 esse
661 2714 754 2789 putat
774 2725 834 2789 pro
857 2699 889 2764 ἓν
909 2708 974 2774 τοῖς
994 2722 1121 2783 τριακο-

81 2808 146 2884 οις,
178 2802 218 2868 de
240 2801 358 2888 quibus
380 2802 423 2870 el.
447 2817 516 2869 not.
539 2802 580 2867 ud
603 2825 653 2867 or.
678 2802 717 2867 de
738 2801 882 2868 Philoet.
906 2801 979 2868 her.
1004 2806 1037 2880 ᾗ.
1060 2801 1121 2882 603

81 2927 156 2992 eque
178 2928 238 2990 ego
269 2905 366 2971 aliter
395 2902 518 2985 senti03
550 2904 606 2970 sed
629 2903 807 2969 articulum
828 2918 939 2969 temen
961 2917 992 2968 et
1012 2901 1068 2968 hio
1089 2916 1121 2966 et

81 3008 141 3073 dre
167 3005 204 3070 in
234 3006 299 3072 fine
320 3004 419 3095 hujus
448 3004 669 3092 §.desidero
714 3005 768 3072 De
796 3007 928 3094 παιδικῷ
944 3008 1032 3091 χορῷ
1052 3025 1121 3069 non

81 3131 134 3197 rus
153 3121 203 3174 est
216 3107 398 3197 disputare3
425 3107 510 3172 illud
532 3121 642 3173 eutem
659 3106 830 3173 nonnullis
848 3107 1024 3172 offensioni
1044 3103 1120 3188 fuit,

81 3208 139 3277 rod
170 3209 335 3295 sequitur:
371 3199 414 3274 ὧν
444 3207 483 3273 τὰ
515 3218 650 3293 μνημεῖα
670 3213 726 3292 τῆς
746 3207 859 3274 ἐκείνου
881 3207 1121 3294 φιλοτιμίας-
1252 3226 1260 3247 r

81 3332 169 3395 τηατ.
210 3307 252 3376 ld
273 3310 431 3377 Reiskius
457 3307 509 3375 itu¹
532 3311 766 3398 corrigendum
793 3324 902 3399 putet,
931 3324 969 3375 ut
995 3308 1121 3376 scriba-

81 3436 105 3485 ιι·
127 3402 174 3498 ᾧ,
203 3411 276 3479 scil.
289 3415 420 3500 παιδικῷ
433 3416 536 3498 χορῷι
563 3413 757 3498 quasivero
778 3435 960 3500 puerorum
979 3410 1122 3477 istorum

81 3536 151 3581 tuse
179 3514 285 3604 tripus
313 3514 439 3601 positus
467 3515 527 3592 sit,
560 3514 601 3579 ad
622 3513 758 3580 nomine
779 3512 905 3579 scilieet
925 3535 1041 3578 eorum
1062 3534 1122 3599 po·

81 3613 208 3680 eritutis
230 3615 410 3681 memoriae
441 3616 714 3683 commendanda.
757 3614 800 3681 ln
821 3613 991 3703 Tophumi
1012 3629 1122 3679 autem

81 3717 140 3783 bro
162 3717 334 3806 adscripsit
362 3715 482 3802 aliquis
508 3707 553 3782 ὧν
579 3726 714 3801 μνημεῖα
741 3717 795 3780 καί
820 3720 876 3798 τῆς
897 3714 1010 3779 ἐκείνου
1032 3717 1122 3801 φιλο-

81 3816 166 3900 μίας.
208 3817 256 3887 At
286 3817 374 3883 nihil
403 3820 599 3887 mutandum
625 3834 696 3901 este
730 3817 850 3907 pendet
870 3815 960 3881 enim
988 3805 1033 3880 ὧν
1053 3838 1122 3881 non

102 3918 258 4006 proximo
287 3928 422 4002 μνημεῖα
429 3967 438 3998 ,
470 3922 533 3991 ¹sed
573 3945 593 3986 a
620 3920 798 3986 remotiore
829 3917 1025 4003 φιλοτιμίας
1057 3917 1123 3982 hoe

81 4033 164 4085 rtem
185 4022 345 4106 φιλοτιμία
372 4027 434 4086 τῶν
465 4025 658 4107 λειτουργιῶν
685 4045 719 4088 ν.
742 4023 803 4084 τῶν
827 4016 1124 4103 λελιιτουργημίνων

81 4144 151 4186 emo
177 4135 265 4188 recte
294 4122 362 4188 dici
391 4121 545 4209 negabit3
582 4122 694 4208 itaque
720 4120 821 4186 etiem
851 4111 894 4186 ὧν
924 4119 974 4204 (h.
1003 4145 1033 4186 e.
1061 4124 1124 4184 τῶν

81 4223 361 4311 ιλιιτοοργημίιοιι)
393 4220 412 4308 ι’]
446 4224 606 4310 φιλοτιμία
628 4236 715 4290 reete
737 4221 803 4289 diei
824 4238 970 4313 apparet.
1013 4218 1126 4321 Neque
