2632 4800
285 303 349 373 na
370 303 582 374 alcima
603 306 925 391 nananrmre.
1009 265 1033 271 ²
1084 315 1149 384 rea

67 472 240 560 Quamdiu
261 489 369 539 antem
391 489 486 541 antea
497 472 653 562 Hagmae
672 474 840 544 hereditas
861 502 881 544 a
901 476 973 546 filia
989 479 1146 589 adoptiva

67 599 108 640 ae
129 575 206 640 dein
228 597 246 639 a
270 570 437 642 Glaucone
458 599 606 664 possessa
627 576 746 661 fuerit,
778 578 913 644 deliniri
934 604 1002 646 non
1023 584 1142 680 potest,

66 701 170 762 qnnm
207 677 393 742 nesciamus
429 701 494 763 qno
526 692 673 764 tempore
700 677 876 765 Hagniae
894 696 1045 750 mortuns
1086 685 1142 752 eit.

67 777 204 844 Obiisee
232 801 307 842 enm
327 776 365 841 in
386 769 552 862 legatione
575 799 637 863 pro
659 779 854 866 republica
876 798 1027 872 suscepta
1048 784 1143 852 docet
1226 824 1229 838 ·

64 878 180 946 leacus
211 878 248 965 ξ.
271 880 311 944 8·
341 893 385 943 et
412 878 477 945 fnit
496 879 553 945 hic
581 882 723 945 lortaese
744 879 853 964 idem,
874 881 980 972 cujus
1001 900 1047 950 cx
1066 885 1141 951 An·
1252 878 1257 892 ¹

21 1061 25 1069 ι
65 979 217 1045 drotione
248 992 280 1045 et
300 979 504 1046 Philochoro
530 980 733 1046 mentionem
761 980 842 1047 facit
861 981 1083 1073 Harpocratio
1110 1010 1139 1054 e.

63 1105 99 1150 v.
126 1079 266 1163 Ἁγνίαςτ
304 1085 414 1145 τοῦτον
440 1082 493 1145 καὶ
521 1079 596 1156 τοὺς
628 1081 883 1166 συμπρεσβευτὰς
914 1083 1012 1150 αὐτοῦ
1041 1097 1138 1171 ’φησιν

59 1183 244 1269 Ἀνδροτίων
259 1182 291 1245 ἐν
311 1183 441 1268 πέμπτῳ
461 1186 519 1265 τῆς
534 1179 679 1256 Ἀτθίδος
699 1178 752 1246 sal
768 1181 957 1271 Φιλόχορος,
979 1183 1023 1262 ὡς
1038 1183 1138 1254 ἑάλω-

64 1283 125 1350 coir
150 1309 184 1348 ce
218 1285 270 1348 nal
301 1282 464 1349 ἀπέθανον
496 1279 557 1348 tna
585 1284 859 1381 ιΛοοοειῖαιμονίοοο.
909 1283 977 1357 Sed
1008 1302 1138 1380 tempus
1262 1304 1269 1333 ⁸

21 1407 24 1411 ·
63 1386 163 1474 hujus
184 1386 234 1453 rei
254 1387 354 1478 plane
374 1384 583 1474 ignoramus.

370 1638 429 1708 ln
462 1598 838 1736 Hypothesin.

147 1793 209 1859 Vs.
229 1793 260 1859 1.
281 1788 420 1875 Ἁγνίας.
441 1792 491 1858 lta
506 1792 717 1859 scribendum
732 1795 877 1860 essehoc
894 1816 1035 1878 nomen,
1057 1818 1135 1861 cnm

62 1893 274 1984 aspirationis
285 1894 399 1981 signo,
412 1909 541 1960 nonest
554 1895 639 1980 quod
651 1918 816 1962 moneam.
838 1895 929 1963 Ante
936 1895 1135 1963 Beldrerum
1244 1884 1249 1891 ⁸
1264 1912 1267 1918 '

10 2038 15 2077 t
61 2011 174 2062 antem
189 1995 310 2081 Ἁγνίας
331 1996 570 2075 excudebatur,
599 2018 736 2084 eamque
754 1996 955 2085 scripturam
975 1995 1136 2064 Reiskine
1184 2047 1189 2054 ,
1270 1996 1273 2002 “

60 2121 202 2184 qnoque·
219 2098 383 2177 servavit,
412 2097 489 2163 licet
508 2097 598 2164 idem
619 2099 705 2194 mire
731 2099 951 2166 inconstantia
971 2097 1009 2164 in
1031 2121 1150 2164 anno·-

57 2200 184 2265 tatione
212 2199 331 2265 Latina
358 2224 489 2289 semper
518 2198 688 2287 Hagniam
717 2201 890 2268 hominem
916 2195 1026 2283 dicat,
1066 2192 1135 2266 non

56 2301 219 2387 Agniam.
264 2300 473 2367 contrariam
485 2301 648 2366 rationem
670 2303 698 2367 si
720 2318 875 2388 sequutus
889 2316 992 2385 esset,
1022 2300 1134 2367 minna
1193 2370 1196 2375 ,

56 2403 350 2492 reprehenderem:
378 2416 455 2466 sunt
476 2401 564 2466 enim
580 2400 709 2467 Latinis
729 2402 766 2466 in
786 2403 883 2468 libris
904 2402 968 2468 ista
983 2402 1140 2493 nomina.
1241 2415 1243 2421 ⁴

31 2559 33 2565 ,
56 2505 177 2591 Agna,
198 2503 413 2588 Agnotlaeus,
436 2501 630 2589 Agnonides
646 2517 678 2567 et
694 2501 837 2585 similia,
858 2516 928 2567 tam
945 2524 1041 2592 saepe
1060 2498 1133 2568 sine

57 2604 260 2694 aspiratione
282 2603 404 2693 scripta
415 2648 426 2687 ,
455 2618 493 2670 ut
512 2603 662 2670 librariis
678 2603 747 2667 'hoc
766 2601 927 2691 imputari
947 2625 1016 2667 non
1036 2626 1132 2690 posse

55 2708 221 2786 videatur.
275 2705 354 2772 Vid.
378 2704 480 2773 Gom.
503 2705 587 2794 Nep.
609 2704 671 2781 rit.
693 2703 799 2781 Phoc.
822 2727 852 2770 c.
875 2707 908 2770 3.
932 2701 1077 2788 Quintil.
1098 2702 1143 2783 l.

57 2811 105 2880 Ο.
131 2807 186 2891 Il,
214 2812 273 2891 17,
301 2808 354 2879 15.
377 2807 468 2874 ΡΙίιι.
490 2807 537 2874 Η.
559 2807 602 2877 Ν.
624 2804 805 2889 ΧΧΧΙΗ,
831 2807 870 2888 3,
898 2803 952 2871 14.
996 2801 1131 2883 „Veram
1192 2830 1197 2847 “

55 2911 276 2995 usitatamque
303 2911 388 2998 apud
411 2909 554 2976 Graecos
581 2909 725 2976 formam
746 2919 910 2973 testantur
936 2905 1131 2994 inscriptio-

56 3036 115 3080 nes
143 3012 228 3099 apud
249 3010 460 3077 Boecltlrinm
480 3011 499 3077 Ι
524 3036 558 3100 p.
580 3012 656 3077 292.
678 3010 727 3094 Β,
759 3007 815 3084 57.
839 3005 885 3092 0,
913 3010 969 3075 37.
995 3031 1029 3096 p.
1051 3008 1128 3074 299.

55 3114 109 3191 Α,
136 3115 190 3180 63.
213 3112 260 3197 Β,
273 3118 275 3123 ’
288 3113 341 3180 55.
364 3138 397 3202 p.
419 3111 495 3180 304.
517 3113 570 3195 Α,
601 3111 656 3179 42.
699 3111 735 3178 Α
753 3109 904 3177 librariis
927 3122 1037 3174 antem
1056 3131 1130 3174 sae·

55 3222 236 3302 penumero
249 3231 417 3302 peccatum
433 3238 504 3283 esse
524 3236 622 3280 nemo
644 3211 834 3279 mirabitur.
879 3207 932 3281 cf.
954 3230 1029 3277 var.
1050 3210 1128 3275 lect.

56 3317 170 3381 ador.
194 3315 676 3383 deNicostr.l1er.snmmar.
704 3314 849 3382 vers.2.
893 3309 1005 3377 Etiam
1025 3332 1129 3398 pagus
1250 3329 1252 3333 ·

55 3418 116 3483 ille
130 3415 259 3493 Atticus
281 3443 350 3487 non
366 3417 491 3500 Ἁγνοῦς
511 3417 697 3500 dicebatur,
727 3412 1004 3501 quemadmodnm
1015 3411 1131 3477 Mans·

55 3541 150 3585 eacus
173 3533 281 3583 censet
302 3519 343 3583 ad
365 3519 562 3608 Harpocrat.
586 3542 620 3607 p.
642 3521 686 3587 70
706 3516 820 3607 Lipe.,
846 3515 905 3583 eed
921 3510 1065 3598 Ἁγνοῦς,
1093 3510 1128 3576 id
1158 3519 1164 3526 ’

38 3619 141 3708 ·qnod
163 3618 393 3709 inscriptiones
413 3621 537 3686 multae
559 3619 689 3687 docent.
979 3639 995 3677 e

140 3717 216 3802 εἶχεν
237 3719 384 3803 ἀνεψιοὺς
405 3718 544 3798 πολλούς.
582 3722 692 3789 Immo
709 3717 909 3802 ἀνεψιαδοῦς.
952 3715 1038 3781 Nam
1059 3711 1127 3778 ἆνε·
1188 3766 1194 3774 .

53 3821 130 3906 pade
156 3821 311 3907 Hagniae
346 3848 391 3891 ex
426 3824 488 3907 iis,
523 3821 600 3910 qni
616 3821 729 3890 statim
758 3817 992 3899 nominantur,
1027 3833 1127 3881 nemo
1263 3858 1265 3862 ι

51 3923 119 3991 luit
138 3939 270 4013 praeter
290 3949 394 3991 unum
415 3924 629 3992 Eubulidam.

139 4049 190 4093 vs
198 4023 269 4093 6
269 4026 302 4086 nl
316 4023 437 4101 τοοτοις
448 4050 544 4091 αοτου
530 4018 798 4104 τελευτήσαντος
813 4031 901 4085 recte
922 4013 1010 4081 dixit
1030 4026 1127 4099 atque

52 4150 102 4195 ex
121 4125 313 4193 Atticorum
341 4125 593 4193 consuetudine.
628 4146 720 4209 quum
740 4120 864 4186 obiisset
892 4118 940 4183 leia
965 4113 1128 4182 heredebus

53 4227 187 4297 reticeo.
236 4225 451 4295 lllnstrarnnt
465 4228 551 4295 hanc
568 4223 794 4312 loquutionem
814 4233 945 4310 praeter
964 4214 1128 4304 Viget-nm
