2632 4800
102 258 113 287 ⁸
183 285 259 352 aso·
546 276 594 345 sn
615 268 896 346 ommonem

185 449 359 540 siquando
379 446 531 514 snimnm
550 459 727 532 mutasset,
753 444 930 513 mulierem
951 445 1067 530 istum,
1096 443 1269 513 cui-nihil

185 553 271 623 dotis
293 550 542 641 rependendum
567 561 672 629 esset,
707 541 1018 615 oomo'extmdere.
1060 546 1176 634 Neque
1196 547 1268 614 mi·

186 678 249 722 uus
269 654 362 720 illud
390 651 514 725 ΐιιΙειιιιι
541 672 614 718 esse
641 670 819 739 apparere,
855 649 942 736 quod
968 648 1072 716 iidem
1101 649 1267 717 avuncuii

185 745 295 824 testati
315 754 400 839 sint,
432 752 569 819 affuisse
582 750 751 819 sePhilse
765 750 1008 819 dionomiuali.
1050 749 1136 819 Nem
1157 774 1266 838 quum

38 859 40 865 ’
185 857 352 926 Xenocles
372 853 513 921 meritus
534 853 635 921 uxori
657 877 735 921 suec
749 845 867 920 Philae
888 876 1010 921 nomen
1031 876 1101 919 esse
1123 850 1265 939 dicer-eg

186 958 265 1027 iilos
293 971 409 1024 contre
438 979 513 1022 eam
547 958 589 1023 ab
617 955 712 1040 evis,
749 952 878 1048 Pyrrhi
903 969 1029 1034 matre,
1065 952 1264 1022 Giituretem

185 1059 392 1128 nominatam
418 1056 563 1140 dixisse3
599 1057 685 1144 quod
719 1058 819 1146 plane
847 1055 1043 1123 incredibile
1071 1078 1161 1140 esse,
1194 1056 1264 1146 ipsi

184 1158 307 1229 merito
327 1159 445 1227 uxoris
458 1182 536 1226 snue
548 1178 668 1226 verum
685 1180 811 1226 nomen
830 1157 982 1246 ignotum
994 1158 1108 1224 fuisse.
1152 1157 1263 1225 Porro

185 1285 357 1349 nunquam
382 1283 463 1329 sane
490 1260 707 1327 Nicodemum
732 1260 770 1327 in
798 1260 923 1328 sororis
942 1283 1022 1326 suae
1043 1259 1264 1350 desponsione

42 1372 50 1387 ‘
90 1451 92 1457 Ι
162 1351 165 1355 ’
186 1362 442 1431 commissurum
461 1362 583 1445 fuisse,
609 1377 648 1429 ut
669 1362 709 1428 de
731 1362 806 1430 dote
827 1363 921 1433 nihil¹
936 1360 1170 1450 copularetur,
1191 1385 1264 1430 non

146 1489 152 1513 ι
185 1467 295 1534 solum
321 1478 515 1554 propterea,
543 1463 648 1551 quod,
675 1478 714 1530 ut
739 1463 808 1554 jam
836 1486 936 1552 supro
965 1463 1090 1529 dictum
1118 1476 1186 1547 est,
1214 1462 1264 1531 ite

184 1566 329 1634 liberum
342 1564 478 1657 Pyrrho
497 1566 648 1632 futurum
669 1580 771 1651 esset,
799 1564 976 1633 mulierem
988 1564 1264 1653 quandocumque

166 1668 337 1736 'libuisset
362 1690 382 1734 s
404 1671 448 1734 se'
467 1667 663 1752 extrudere,
692 1667 750 1734 sed
771 1667 872 1733 etiem
892 1666 979 1754 quod
1000 1666 1116 1749 sciret,
1144 1667 1176 1734 si
1195 1668 1264 1734 im·

186 1770 293 1861 prolis
313 1767 438 1836 mulier
456 1767 629 1835 decederet
647 1807 692 1822 -
711 1783 744 1836 et
762 1769 868 1836 fuisse
888 1790 963 1836 eant
983 1789 1114 1858 semper
1132 1767 1264 1859 impro·
1302 1850 1305 1855 ξ

182 1872 254 1938 lent
273 1907 318 1921 -
338 1870 461 1955 dotem,
487 1893 588 1956 qnam
605 1870 803 1960 scripsisset,
832 1869 909 1955 sibi,
937 1869 1035 1936 statui
1056 1869 1223 1968 mulieris²
1242 1894 1264 1938 e

63 2038 68 2046 ,
186 1971 322 2063 Pyrrho
348 1971 591 2038 numerandam
616 1972 707 2056 fore3
741 1971 835 2064 cujus
855 1972 943 2039 lucri
964 1970 1117 2061 captandi
1139 1994 1265 2063 oppor-

184 2072 359 2140 tunitotem
380 2073 422 2139 eb
443 2071 504 2139 illo
527 2073 793 2163 praetermissum
813 2096 903 2159 esse,
924 2073 1016 2140 credi
1035 2096 1172 2162 prorsus
1194 2096 1266 2145 uon

185 2197 292 2265 posse.
335 2172 490 2261 Denique
519 2175 739 2243 Nicodemum
767 2173 868 2242 etiem
890 2176 990 2253 ξενίας
1012 2189 1205 2242 secuntum
1228 2189 1265 2242 et

52 2285 56 2289 ’
186 2289 314 2342 tantum
340 2298 413 2365 uon
433 2276 626 2343 demnatum
647 2298 736 2361 esse3
769 2299 835 2364 quo
861 2276 974 2344 minus
999 2276 1185 2345 verisimile
1206 2275 1264 2363 sit,

186 2375 263 2446 tulis
289 2374 358 2445 viri
384 2397 536 2446 sororem
569 2403 590 2444 a
616 2378 752 2470 Pyrrho
780 2378 818 2446 in
847 2378 1100 2446 matrimonium
1128 2378 1266 2446 hetam

270 2579 364 2681 Haec
390 2579 500 2670 prims
527 2595 577 2649 cst
595 2581 894 2668 argumentationis
913 2604 1010 2673 para,
1037 2586 1122 2670 quse
1142 2574 1266 2650 nullas

187 2679 276 2748 inter
293 2680 468 2774 Pyrrhum
488 2682 705 2750 etNicodemi
717 2706 866 2751 sororem
886 2681 1018 2774 nuptiae
1036 2683 1267 2751 intercessisse

187 2783 407 2866 demonstret3
443 2785 594 2872 seqnitur
612 2808 702 2851 nunc
732 2787 855 2871 alteru,
884 2810 947 2872 qua
968 2784 1116 2874 spurium
1137 2783 1266 2853 Philon

78 2966 84 2983 x
123 2904 135 2983 ἦ
187 2907 259 2951 esse
280 2884 426 2974 primum
439 2885 484 2953 eis
503 2886 546 2953 iis
566 2886 648 2976 ipsis
670 2910 754 2974 quae
767 2886 966 2976 Nicodemns
986 2885 1104 2952 fecerit
1122 2887 1182 2953 vel
1201 2908 1266 2976 po·

187 2984 254 3053 tius
274 2985 349 3052 fieri
379 3009 494 3076 passus
515 2989 559 3055 sit
579 2989 775 3056 ostenditur.
817 2988 903 3055 Nem
924 3012 1058 3078 passum
1076 3010 1156 3054 eum
1178 3006 1264 3068 esse,

187 3101 225 3153 ut
237 3085 365 3178 Pyrrhi
385 3089 550 3158 heredites
571 3092 614 3157 eb
628 3090 736 3157 lindio
757 3106 929 3179 caperetur
949 3091 1022 3156 sine
1041 3112 1159 3156 sorore
1179 3088 1265 3156 edo·

187 3187 297 3278 ptive3
327 3213 390 3275 qne
402 3189 475 3279 ipse
495 3216 533 3258 re
545 3192 634 3258 hauc
653 3190 802 3281 spurium
818 3190 1018 3260 declaratum
1039 3214 1127 3257 esses
1156 3212 1265 3278 neque

43 3296 46 3301 “
188 3289 279 3357 euim
311 3291 462 3380 adoptari
482 3316 700 3381 quemquam,
730 3316 837 3381 neque
863 3294 969 3383 patris
990 3291 1141 3380 adoptivi
1163 3293 1264 3359 here·

187 3389 324 3457 ditatem
344 3413 461 3480 capere
480 3417 541 3483 per
565 3396 657 3483 leges
677 3418 791 3485 posse,
817 3396 885 3462 uisi
913 3395 962 3460 ite
980 3409 1019 3460 ut
1038 3394 1141 3460 unul
1162 3393 1264 3486 huju

51 3581 55 3593 .
187 3491 311 3577 filiam,
333 3493 362 3559 si
384 3516 447 3581 qus
468 3497 513 3563 sit
533 3497 703 3581 legitime,
724 3518 868 3564 uxorem
889 3496 1000 3563 ducet.
1041 3492 1264 3562 Nicodemum

186 3607 298 3660 sutem
324 3619 393 3661 uon
422 3597 507 3663 illud
535 3598 647 3664 solnm
673 3597 749 3663 fieri
771 3614 909 3688 pessum
939 3620 1030 3677 esso,
1060 3595 1118 3663 sed
1145 3596 1265 3680 etiem,

184 3717 290 3781 quum
310 3697 435 3764 sororis
456 3722 535 3765 snae
549 3699 673 3782 filiam,
701 3720 801 3787 quem
821 3699 1008 3788 legitimum
1031 3714 1102 3773 esse
1120 3713 1265 3764 contu·

183 3793 260 3878 det,
296 3798 337 3862 ab
357 3797 468 3867 Endio
495 3824 556 3890 pro
578 3801 691 3890 spurio
717 3824 794 3868 cum
815 3802 891 3869 dote
911 3801 1035 3888 exigue
1055 3798 1205 3866 Xenocli
1224 3796 1263 3866 iu

184 3895 436 3966 matrimonium
450 3903 608 3989 collocari
620 3903 768 3986 videret,
784 3924 853 3969 nou
872 3901 1121 3986 intercessisse,
1142 3922 1264 3988 neque,

183 3995 272 4082 qnod
286 4002 443 4066 avunculi
454 4003 598 4070 officium
614 4004 750 4088 ficisset,
770 4005 935 4072 actionem
947 3999 1113 4078 κακώσεως
1123 4013 1265 4092 propter

183 4095 273 4163 hauc
281 4099 390 4186 neptis
403 4125 482 4170 suae
493 4103 653 4195 injuriam
659 4105 769 4173 Eudio
780 4107 1024 4174 intendisse-
1032 4103 1141 4172 Porro
1149 4116 1265 4171 antem

140 4274 145 4287 ι
184 4194 297 4286 ipsum
322 4223 451 4288 qnoque
476 4202 664 4274 Xenoclsm
689 4231 830 4275 uxorem
857 4230 952 4276 suam
979 4228 1041 4298 pro
1060 4204 1176 4296 apuria
1202 4205 1264 4274 hr-
