2632 4800
167 282 234 349 318
478 312 484 321 ·
518 278 569 347 tn
591 276 876 349 ounrlott‘tnt

168 454 268 522 dubie
289 449 480 532 deberetur,
501 448 649 539 primm
669 447 755 514 illud
776 448 921 529 refutat,
948 442 1034 531 quod
1055 439 1223 511 adversarii

168 540 299 613 menfill
320 567 431 636 erant,
452 575 523 617 esse
544 575 600 619 eos
621 576 641 617 e
662 550 736 616 cire
749 550 878 633 Attice,
901 546 1051 637 Collippo
1064 542 1226 615 Pistoxeri

168 650 257 732 filia,
288 650 438 740 legitimo
452 653 666 719 matrimonio
686 666 893 742 procreatos:
921 650 1038 715 deinde
1058 648 1151 735 cnjus
1169 646 1226 713 siut

168 753 231 819 lilii
252 755 407 843 exponit,
434 770 602 841 totamque
622 779 697 820 rem
718 754 757 819 de
775 750 984 819 Euctemonis
1003 748 1226 817 consuetudine

168 879 246 922 cum
265 856 369 941 Alce,
402 880 518 921 eorum
540 872 665 933 matre,
694 856 734 921 de
755 854 855 941 hujus
875 854 1026 921 mulieris
1046 869 1142 940 etque
1160 851 1226 919 An·

169 957 292 1023 droelis
323 974 355 1023 et
375 958 535 1024 Antidori
563 959 754 1036 fraudibus,
785 974 823 1023 ut
843 955 1054 1022 Euctemonis
1073 966 1226 1021 aeneum

168 1074 201 1124 et
230 1060 373 1125 amentia
403 1059 499 1125 abusi
518 1060 586 1125 sint
594 1106 606 1145 ,
644 1084 807 1147 quamque
834 1074 867 1125 et
886 1058 965 1125 viro
985 1056 1226 1124 Euctemoneet

166 1176 239 1249 post
254 1161 325 1252 ejus
339 1177 478 1227 mortem
493 1162 610 1240 aride,
639 1163 846 1250 petulanter,
878 1159 1004 1225 nelarie
1022 1158 1164 1244 egerint,
1188 1156 1226 1223 ite

166 1262 341 1346 describit,
370 1278 496 1328 utnon
516 1263 644 1352 possint
664 1263 833 1328 auditores
862 1285 930 1328 uon
950 1284 1078 1327 summa
1107 1260 1160 1326 ira
1187 1274 1226 1325 at·

166 1388 230 1451 que
250 1364 481 1451 indignatione
501 1364 702 1452 permoveri.
753 1363 945 1431 llevertitur
965 1362 1041 1428 dein
1061 1386 1121 1445 eo,
1150 1359 1226 1449 quod

166 1465 352 1531 adversarii
373 1481 528 1531 testatum
550 1490 621 1531 esse
642 1465 928 1531 Philoctemonem
949 1477 1170 1549 negaverant,
1189 1461 1226 1527 si·

165 1568 302 1653 mulque
332 1592 374 1633 ne
405 1567 539 1632 licuisse
561 1567 695 1653 quidem
726 1566 757 1633 ei
777 1567 891 1632 testari
911 1566 1156 1632 contenderant.
1195 1562 1226 1629 lr

164 1691 246 1734 vero
267 1692 402 1757 prorsus
433 1668 644 1756 impudenter
671 1670 796 1736 iactum
816 1692 898 1735 esse.
940 1666 1026 1734 Nam
1045 1667 1117 1735 sive
1138 1680 1226 1733 testu

164 1782 217 1835 tus
249 1770 293 1835 sit
314 1794 416 1857 quum
443 1769 557 1835 testari
576 1794 644 1835 non
674 1770 828 1854 licuerit,
859 1771 924 1835 hoc
943 1769 1073 1856 ipsum,
1103 1792 1172 1835 non
1190 1766 1226 1833 li

165 1870 292 1955 coisse,
335 1871 435 1937 etiam
467 1871 504 1935 in
541 1873 751 1960 διαμαρτυρίᾳ
785 1872 990 1961 ponendum,
1028 1894 1097 1937 non
1126 1870 1226 1937 solu

164 1972 276 2038 verbis
297 1971 334 2037 in
355 1971 499 2037 anacrisi
520 1974 755 2060 proferendum
774 1975 895 2056 [niem
923 1974 993 2041 sive
1013 1996 1080 2039 non
1101 1984 1226 2038 testett

165 2072 226 2155 eit,
263 2097 332 2138 non
359 2072 542 2161 oportuisse
569 2097 625 2140 eos
652 2077 864 2165 διαμαρτυρίᾳ
892 2076 953 2141 illa
973 2075 1038 2158 uti,
1069 2090 1226 2160 tamque:

165 2197 226 2263 pro
255 2174 334 2240 filiis
363 2173 574 2241 Euctemonis
605 2177 786 2263 legitimis,
818 2179 875 2245 sed
906 2192 994 2244 recto
1020 2175 1147 2267 judicio
1175 2172 1226 2259 (it

166 2275 257 2342 enim
276 2275 390 2342 licebit
411 2300 567 2361 graecum
588 2276 749 2367 εὐθυδικίᾳ
769 2281 974 2365 convertere)
995 2278 1047 2369 jus
1063 2302 1162 2344 suum
1174 2300 1226 2341 ex·

164 2377 281 2466 periri.
333 2377 465 2443 Etenim
494 2379 726 2466 διαμαρτυρίαν
756 2384 885 2448 nullam
912 2381 1012 2446 aliam
1032 2380 1077 2446 ob
1102 2400 1226 2445 musam

85 2476 92 2493 '
165 2501 236 2545 esse
257 2478 508 2568 interpositam,
544 2480 610 2546 nisi
632 2498 686 2566 ut,
720 2483 851 2550 etiamsi
872 2509 960 2549 nnnc
979 2483 1157 2549 vincantur
1174 2502 1220 2545 ne·

164 2603 228 2667 que
246 2580 435 2668 potientur,
457 2581 597 2648 istorum
612 2585 815 2672 pupillorum
833 2609 967 2652 suorum
986 2584 1144 2665 nomine,
1165 2578 1219 2648 llu-

164 2682 324 2749 ctemonis
353 2682 471 2766 bonis,
505 2700 616 2750 tamen
641 2687 768 2774 possint
795 2688 895 2752 etiam
924 2702 1058 2803 postea,
1097 2684 1127 2749 si
1156 2706 1218 2772 pro-

164 2783 357 2850 nunciatum
378 2785 500 2869 fuerit,
539 2788 795 2853 hereditatem'
784 2814 821 2853 m
842 2788 1101 2855 controversiam
1121 2780 1220 2852 vocari

162 2884 281 2969 licere,
325 2911 384 2952 suo
412 2887 476 2952 sibi
505 2889 639 2954 nornine
674 2890 788 2955 eadem
818 2906 938 2977 petere.
997 2889 1107 2975 Atque
1135 2908 1221 2973 quam

163 2988 257 3051 nulle
278 2987 321 3053 iis
341 2989 421 3054 fides
444 2990 594 3055 habenda
616 2990 677 3069 sit,
711 2994 767 3059 vel
789 3015 828 3057 eo
851 3014 1029 3080 apparere,
1061 2988 1148 3076 quod
1167 2984 1223 3075 ipsi

162 3087 229 3154 sibi
256 3091 423 3156 contraria
457 3108 576 3178 agant,
613 3117 715 3178 quum
741 3093 925 3159 Androcles
958 3106 991 3158 et
1025 3092 1132 3157 filiam
1166 3087 1224 3155 sibi

161 3188 377 3256 Euctemonis
406 3208 573 3278 tamquam
604 3194 784 3283 epiclerum
813 3195 848 3260 in
881 3193 1132 3261 matrimonium
1159 3187 1225 3255 deri

161 3290 297 3383 petierit
326 3316 403 3358 cum
431 3293 545 3379 quinta
574 3311 666 3383 parte
694 3296 909 3379 hereditatis,
940 3311 976 3361 ut
997 3318 1080 3381 quse
1102 3293 1226 3365 ἓαίδιιιυς

162 3408 270 3478 esset,
306 3408 339 3460 et
360 3396 570 3483 διαμαρτυρίᾳ
602 3398 816 3485 interposita,
849 3398 943 3486 quasi
962 3396 1108 3483 legitimi
1128 3406 1226 3460 essent

65 3510 68 3515 '
161 3494 374 3563 Euctemonis
395 3496 480 3579 filii,
517 3496 649 3563 ἐπίδικον
676 3501 893 3567 hereditatem
915 3523 986 3566 esse
1006 3496 1188 3584 negaverit.

247 3597 402 3685 Denique
423 3622 524 3684 quum
547 3600 647 3666 'etiam
667 3601 830 3669 invidiam
853 3600 1104 3683 Chaerestrato,
1134 3595 1226 3663 mise·

161 3698 342 3766 ricordiam
368 3699 506 3787 pupillis
537 3701 605 3767 suis
628 3703 806 3770 conciliare
828 3703 1000 3785 studeant,
1025 3700 1125 3766 illum
1146 3696 1226 3764 divi·

160 3815 248 3885 tem,
279 3802 339 3868 hos
361 3803 500 3868 miseros
514 3817 610 3888 atque
632 3827 752 3888 egenos
774 3814 845 3872 esse'
867 3805 1028 3886 dicentes,
1051 3800 1130 3866 huic
1150 3821 1226 3886 quo·

160 3925 224 3988 que
245 3903 385 3969 artificio
406 3903 453 3969 ita
476 3904 620 3971 occurrit
641 3921 771 3990 orator,
810 3922 846 3972 ut
868 3905 1002 3982 divitias
1023 3903 1102 3968 illas
1124 3897 1226 3967 Chae·

152 4012 336 4069 'restratum
347 4005 471 4093 pariter
485 4022 580 4093 atque
595 4005 736 4097 majores
751 4006 820 4096 ejus
837 4008 873 4073 in
891 4007 940 4072 rei
961 4005 1113 4095 publicae
1126 3997 1224 4087 magis

161 4125 260 4189 quam
280 4103 317 4169 in
339 4129 416 4173 suos
438 4130 516 4175 usus
539 4108 741 4176 convertisse
762 4123 794 4174 et
814 4111 870 4179 vel
890 4123 1026 4199 propter
1046 4108 1133 4174 hanc
1152 4125 1226 4169 ceu·
