2632 4800
258 302 322 371 uu
344 299 583 409 cunonrtu
603 299 923 372 uuanorrarn.
1060 307 1125 377 ιω

42 473 147 541 etiem
168 469 384 560 frequentius·
428 469 604 538 Demosth.
619 469 802 560 iuAphob.
817 473 846 539 l.
867 473 999 563 p.8302
1021 476 1121 541 πολλὰ

42 575 151 641 τοίνυν
181 572 354 657 ἀπορηθεὶς
380 573 448 658 περλ
481 567 606 637 πάντων
635 569 765 639 τούτων.
814 572 866 641 Id.
899 574 939 640 in
966 575 1120 644 Timoth.

44 700 81 766 p.
103 676 208 758 12⁰3,
231 675 294 741 16ι
333 672 409 739 ἀλλ’
431 669 514 758 ἔιύρα
537 697 571 738 σε
593 670 637 748 ὥς
657 669 788 758 ήπόρον.
831 674 915 741 ibid.
939 677 1035 760 1190,
1057 680 1122 747 272

45 772 262 863 ἀπορούμενος
276 764 500 851 'tonstricem
521 771 649 848 αύτούς.
694 774 758 842 Or.
780 774 818 841 iu
832 773 952 843 Neaer.
974 803 1009 866 p.
1026 778 1123 862 1380,

43 875 80 949 1.
100 877 250 963 ήποροῒεο
270 881 327 960 τῆς
345 877 511 960 σωτηρίας.
555 875 698 941 Videtur
715 890 826 942 tamen
844 875 907 943 hoc
925 876 1006 943 olim
1021 879 1124 947 fuisse

44 977 252 1049 discriminis
278 978 321 1045 ab
342 977 603 1044 accuratioribus
631 976 848 1066 scriptoribus
869 993 1058 1063 servatum,
1088 995 1125 1047 ut

45 1078 239 1168 ἀπορεῖσθαι
258 1079 289 1146 is
310 1079 519 1169 potissimum
540 1079 725 1163 diceretur,
760 1102 857 1165 quem
879 1094 982 1176 statua
1009 1103 1124 1148 rerum

47 1205 88 1249 ac
108 1180 261 1249 condicio
283 1181 319 1247 in
342 1181 510 1267 augustias
526 1179 740 1270 conjecisset,
768 1178 893 1265 ἀπορεῖν
910 1196 1020 1247 autem
1041 1182 1124 1249 sim·

48 1282 181 1373 pliciter
208 1298 293 1351 esset
319 1278 440 1369 ιάομενπ
462 1307 543 1361 esee,
571 1282 731 1349 haesitare
752 1295 812 1348 etc.
856 1279 972 1368 Itaque
992 1284 1124 1372 puellae

49 1384 225 1470 ἀποροῦσαι
251 1400 349 1451 eruut
375 1385 480 1470 inopes
509 1382 726 1472 simpliciter,
765 1379 973 1469 ἀπορούμενοι
1001 1400 1123 1470 autem,

51 1510 134 1572 puae
151 1487 262 1573 putres
275 1499 374 1551 πιανῑσ
386 1487 492 1571 inopes
507 1484 621 1568 factae
631 1497 713 1550 stent.
746 1481 901 1553 (ictorum
917 1488 960 1554 οί.
973 1484 1122 1578 Hesych.

50 1602 132 1656 tom.
155 1588 185 1655 I.
207 1612 240 1678 p.
262 1585 328 1653 480
349 1602 381 1654 et
401 1586 527 1655 Pollux
547 1583 619 1669 ΙΙΙ,
650 1585 725 1653 111.

136 1684 157 1772 ή
188 1685 269 1771 παρ’
302 1687 390 1770 ύμῶν
422 1684 570 1770 αἰσχύνης
604 1688 709 1772 pudor
736 1711 758 1752 α
785 1689 889 1772 vobo,
928 1687 965 1756 h.
999 1713 1029 1757 e.
1059 1715 1123 1778 quo
1214 1690 1218 1699 ’

53 1789 158 1857 uestri
170 1789 211 1856 de
226 1789 322 1856 uobis
337 1788 453 1880 judicii
469 1788 630 1878 reputatio
644 1813 705 1855 nos
724 1791 956 1879 perfunderet.
992 1787 1124 1858 Simili·
1244 1867 1248 1873 Ι

56 1904 104 1957 ter
129 1890 279 1982 Lycurg.
308 1890 345 1956 in
374 1890 529 1957 Leocrat.
556 1913 627 1979 cap.
660 1892 722 1967 32,
753 1891 794 1958 3:
836 1888 935 1976 όγάρ
957 1892 1041 1979 παρά
1064 1901 1126 1961 τῶν

58 1998 186 2058 πολιτῶν
213 1989 314 2079 φόβος
340 1989 502 2076 ἀναγκάσει
534 1989 608 2066 τούς
634 1987 792 2066 κινδύνους
819 1987 989 2074 ύπομίνειν.
1032 1995 1123 2064 Plut.

61 2091 158 2179 Agit.
183 2116 256 2183 cap.
278 2096 322 2160 2:
365 2092 423 2177 τήν
452 2092 539 2179 παρὰ
564 2097 628 2158 τῶν
653 2097 776 2158 πολλῶν
806 2092 911 2170 δόξαν.
954 2095 1007 2161 De
1028 2121 1126 2186 prae-

63 2195 217 2282 positione
243 2192 304 2262 ἀπὸ
336 2193 493 2261 similiter
518 2210 675 2286 usurpata
704 2194 774 2262 vid.
798 2193 969 2265 Schaefer.
997 2198 1123 2266 Melett.

64 2318 92 2383 p.
111 2295 165 2364 st.

10 2424 13 2509 γ
87 2394 92 2405 Χ
140 2423 210 2491 ταῖς
229 2413 386 2498 μεγίσταις
413 2413 544 2497 ζημίαις.
586 2414 640 2480 De
660 2408 767 2503 poena
795 2415 865 2506 ejus
886 2417 943 2503 qui
964 2414 1126 2495 κακώσεως

10 2512 13 2539 ²
69 2515 168 2594 γινίων
194 2540 230 2584 v.
259 2512 429 2603 ἐπικλήρων
456 2516 630 2583 damnatus
657 2530 758 2601 esset,
788 2516 859 2585 vid.
883 2518 924 2584 de
954 2519 1026 2587 ord.
1053 2519 1123 2609 jud.

89 2620 190 2685 .292.

11 2718 18 2787 ί
72 2635 89 2701 P
144 2736 181 2824 ᾖ.
212 2734 267 2802 41.
301 2734 374 2823 ὅπερ
407 2745 537 2806 nocetne:
583 2736 621 2800 id
658 2735 743 2821 ηιωά
763 2735 882 2822 facere
920 2740 1124 2808 commeate.
1160 2794 1166 2805 .

78 2829 171 2916 Qum
192 2861 289 2926 saepe
310 2853 419 2904 autem
446 2836 572 2928 judices
593 2836 630 2902 in
651 2837 758 2902 causis
781 2836 990 2905 hereditariis
1012 2835 1126 2909 c'ontra

11 2882 17 3017 i
77 2944 251 3006 testamenta
274 2937 562 3028 pronuntiaverint
590 2939 646 3005 vel
666 2962 732 3004 una
753 2937 979 3007 Philocleonis
1000 2943 1125 3031 gloria·

11 3030 21 3147 [b
78 3030 115 3101 fit
132 3040 270 3109 ostendit
291 3041 377 3130 apud
397 3038 660 3129 Aristophanem
681 3037 783 3130 Vesp.
805 3065 839 3108 v.
863 3041 945 3108 603:

12 3228 16 3295 Ι
144 3225 201 3293 κᾶν
222 3223 432 3310 ἀποθνήσκων
448 3221 465 3292 ὃ
483 3222 586 3310 πατήρ
605 3250 650 3314 την
671 3228 717 3313 δῷ
738 3227 930 3293 καταλείπων
951 3225 1040 3294 παῖδ’
1061 3230 1127 3294 ἐπί-

670 3332 802 3412 κληρον,
862 3412 865 3417 ἢ

14 3448 17 3453 “
146 3429 259 3496 κλαίειν
269 3426 356 3512 ήγιεῖς
374 3427 481 3516 μακρά
501 3426 559 3510 τήν
580 3427 715 3514 κεφαλήν
736 3426 869 3506 εἰπόντες
888 3436 928 3517 τῇ
948 3427 1085 3516 διαθήκη

12 3594 15 3605 ,
147 3530 196 3594 καί
217 3535 257 3616 τῇ
278 3528 372 3615 κόγχῃ
392 3535 431 3616 τῇ
453 3526 534 3594 πάνυ
556 3536 674 3611 σεμνῶς
692 3536 758 3605 τοῖς
779 3532 948 3615 σημείοισιν
968 3528 1085 3617 ἐπούση

148 3629 254 3715 ἕόομεν
275 3629 392 3715 ταύτην
413 3628 499 3707 ὅστις
519 3630 558 3697 ἀν
577 3626 662 3715 ήμᾶς
676 3610 889 3716 ἀντιβολήσας
910 3632 1074 3719 ἀναπείθη.

101 3836 105 3845 ·
146 3814 203 3900 ούχ
230 3813 329 3883 οἷόντε
358 3814 451 3882 τοῦτ’
482 3815 547 3882 ἐστὶ
565 3852 611 3868 --
629 3814 825 3899 ψεύσασθαι.
871 3823 971 3882 Τοῦτο
992 3819 1065 3885 noli
1084 3818 1125 3887 ad

79 3898 106 3967 *i
128 3918 208 3997 γίνος
242 3920 386 4001 referre3
422 3917 564 4008 pertinet
593 3920 701 4009 potius
729 3919 769 3984 ad
808 3920 910 4002 γίνονς
936 3917 1108 4005 οἰκειότητα
1114 3971 1125 4003 ,

13 3992 21 4121 i.
81 4019 157 4085 tusi
172 4021 261 4087 dicae
278 4020 313 4085 τὸ
335 4021 403 4105 περὶ
425 4026 479 4103 τῆς
498 4026 554 4084 τοῦ
574 4020 679 4103 γένους
693 4014 885 4101 οίκειόιητος.
929 4019 1031 4086 Tales
1047 4047 1126 4111 pro·

13 4124 18 4157 ¹
80 4117 206 4188 nominis
218 4137 403 4189 structurae
421 4122 703 4208 frequentissimae
717 4135 805 4187 sunt.
849 4118 946 4188 (λαοί.
955 4121 1127 4192 Matthiae.

13 4170 17 4321 ί
82 4221 123 4287 8¹·
141 4220 197 4292 Gr.
219 4249 253 4314 p.
276 4224 352 4292 8²0.
402 4214 590 4293 Bernhard.
613 4220 757 4313 Syntax.
778 4248 813 4312 p.
835 4224 910 4288 282.
954 4221 1127 4292 Sententia

14 4506 18 4657 ἱ
