2632 4800
225 284 604 357 adamnanum
622 253 945 360 σσααοιοαπα
1077 238 1170 363 κοα

47 456 127 535 ,nio
146 449 221 547 poet
239 470 381 525 mortem
394 454 549 542 Hagnias
563 468 678 521 contra
689 454 908 526 Macartatnm
928 473 1036 528 actem
1056 481 1139 534 esse.

65 556 179 625 Etiam
190 556 320 648 Pyrrhi
339 557 503 625 hereditas
524 555 711 623 eXenocle
731 558 832 646 petita
853 572 903 626 est
921 561 1046 648 viginti
1065 579 1141 653 post

63 656 197 751 Pyrrhi
222 674 366 726 mortem
392 658 508 740 annis,
540 681 648 745 neque
668 658 962 748 praescriptionem
983 663 1015 729 ei
1035 686 1140 753 oppo-

64 760 133 835 suit
145 758 254 831 ,Endii
273 761 389 827 irater.
432 757 519 827 Nam
539 759 597 846 qui
618 783 638 825 a
658 757 816 829 Platnero
838 762 903 827 huo
922 762 1067 831 trahitur
1086 768 1140 834 lo-

63 884 124 928 cus
145 861 182 949 §a
194 862 239 929 58
259 885 326 949 non
347 874 435 928 recte
450 861 492 926 ab
515 880 554 928 eo
575 859 781 930 intellectum
802 886 893 942 esse,
921 860 954 930 et
974 866 1139 953 quomodo
1205 874 1210 908 ·'

62 963 274 1053 accipiendus
301 961 345 1030 sit
371 961 498 1029 satiea
525 984 578 1028 me
599 962 861 1030 demonstratum
888 986 960 1033 esse
980 967 1137 1037 arbitror.

58 1064 237 1151 Denique,
274 1087 318 1129 ne
347 1063 387 1153 de
408 1061 630 1152 Dicaeogenis
657 1085 755 1130 censa
782 1063 912 1151 dicam,
943 1067 1044 1135 etiam
1068 1067 1138 1137 Ar·

62 1166 193 1235 chiadis
208 1165 425 1233 hereditatem
443 1164 483 1231 ab
500 1188 557 1247 eo,
579 1162 633 1230 cui
649 1162 886 1232 Demosthenis
899 1168 1006 1235 oratio
1023 1185 1139 1239 contra

60 1266 271 1335 Leocharem
285 1267 408 1357 scripta
428 1280 494 1351 est,
524 1267 686 1353 perlongo
706 1280 780 1354 post
796 1264 975 1337 Archiudis
996 1289 1138 1341 mortem

60 1384 211 1461 tempore
232 1368 370 1457 petitam
382 1390 453 1437 esse
473 1391 543 1434 non
562 1390 630 1432 uno
650 1366 744 1435 illius
766 1368 926 1438 orationis
945 1372 1021 1439 loco
1035 1397 1138 1464 appa·
1212 1450 1215 1454 ¹

59 1485 125 1541 ret.
154 1470 250 1539 ·Vid.
271 1468 373 1559 impr.
395 1494 429 1559 p.
453 1469 549 1536 1086.
573 1469 670 1535 1087.
775 1536 779 1547 ,

147 1570 224 1641 Jam
244 1595 326 1640 vero
346 1571 418 1661 ipsa
438 1569 525 1658 legis
545 1569 666 1655 verbe,
694 1569 971 1659 quemadmodum
991 1576 1138 1644 affernn.

13 1661 26 1683 '¹
59 1684 117 1745 tur
147 1674 189 1741 ah
216 1672 311 1740 Isaeo
340 1674 381 1739 de
401 1672 528 1763 Pyrrh.
555 1672 630 1739 her.
648 1670 695 1758 ὁ.
718 1673 774 1756 58,
805 1695 915 1751 meam
936 1678 1138 1746 sententiam

50 1775 331 1869 ‚manifestissime
358 1775 570 1858 confirmant,
605 1797 688 1860 quae
708 1772 905 1861 Platnerus,
943 1802 1045 1867 quum
1071 1781 1137 1848 sibi

59 1877 236 1953 aduersari
266 1876 488 1963 intelligeret,
522 1873 689 1963 corrigere
710 1888 845 1941 conatus
866 1882 936 1946 e'ste
969 1878 1005 1945 id
1027 1897 1137 1949 autem
1220 1925 1223 1931 ·

47 1970 161 2071 'quani
182 1978 362 2045 infeliciter
383 1975 535 2062 cesserit,
567 2000 670 2064 quum
691 2000 791 2068 supra
817 1975 861 2045 in'
876 2003 999 2048 comm.
1021 1983 1063 2050 ad
1085 2008 1151 2077 op.

47 2070 103 2177 de
122 2080 248 2173 Pyrrh.
280 2082 316 2173 h.
340 2080 420 2147 satis
447 2078 637 2168 expositum
657 2079 720 2159 eit,
758 2104 849 2145 nunc
875 2081 963 2148 nihil
985 2106 1066 2173 opus
1088 2080 1138 2152 es‘t

56 2176 220 2275 repetere.
265 2182 403 2250 Accedit
424 2195 534 2249 autem
555 2181 726 2265 elia-lex,
755 2206 854 2270 qnam
875 2182 985 2251 nihilo
1006 2187 1137 2256 felicius
1259 2184 1262 2197 ¹

22 2332 26 2340 =
57 2294 164 2377 quum
189 2286 357 2374 explicare
388 2300 459 2351 tum
490 2284 528 2349 in
549 2283 755 2369 corruptelae
776 2284 996 2373 suspicionem
1017 2313 1138 2357 vocare

57 2402 218 2470 conatur,
239 2387 331 2476 ,apud
355 2384 615 2452 Demosthenem
637 2398 699 2450 ctr.
721 2383 859 2450 Macart.
882 2411 915 2474 p.
935 2389 1038 2458 1054:
1057 2390 1140 2479 ἙοὶκΙ

57 2486 98 2555 d'
120 2487 386 2570 ἒπκδεδκκασμίκοο
408 2482 592 2572 ἀμφισβητῇ
613 2487 669 2549 τοῦ
696 2482 811 2570 κλήρου
831 2522 876 2537 ·—
896 2492 1137 2574 προσκαλείσθω

54 2588 399 2673 τόκῖπιδεδκκασμίκον
420 2585 499 2672 πρὸς
521 2584 576 2651 τὸν
597 2580 735 2670 ἄρχοντα
757 2583 902 2673 καθάπερ
924 2588 973 2653 ίπί
994 2596 1057 2656 τῶν
1078 2591 1137 2657 t’t'h-

55 2684 125 2759 itur
145 2692 249 2758 dcxciv.
300 2685 568 2776 παρακαταβολὰς
588 2685 621 2751 δ’
645 2684 789 2774 εἶναιτῷ
810 2686 1070 2774 ἄμφισβητοῦκτι.
1091 2730 1137 2745 -·-

49 2793 116 2873 ,ἐὰν
137 2793 173 2859 δὲ
201 2792 246 2877 μὴ
269 2794 305 2879 ζῇ
337 2787 630 2871 ὃίπιὸκκασάμεκος
650 2793 707 2856 τοῦ
727 2787 858 2876 κλήρου,
895 2795 1136 2878 προσκαλείσθω
1255 2852 1258 2857 ,

54 2884 142 2963 κατὰ
163 2893 263 2960 cadrei
285 2884 536 2982 ᾧῆπροθεσμία
552 2887 646 2974 μήπω
660 2887 763 2978 ἐξήκῃ.
805 2892 972 2982 Apparet,
1003 2895 1135 2982 opinor,

55 2998 127 3064 dno
153 2997 303 3085 proponi¹
326 2995 523 3084 petitionum
554 3006 690 3078 generat
727 2996 869 3059 alterum
891 3010 1005 3061 contra
1026 2996 1135 3087 ipsum

42 3098 176 3182 illum,
208 3097 261 3163 cni
286 3096 453 3163 hereditas
475 3094 662 3186 adjudicata
687 3092 734 3161 si't¹
753 3094 1136 3186 (οόνίπιδείκκασμίκοκ),

53 3200 219 3283 alterum,
254 3198 309 3263 tar
334 3196 379 3283 μή
411 3198 447 3282 ζῇ
478 3193 494 3262 ὅ
525 3195 807 3280 ἐπιδεδικασμὲκος,
844 3213 959 3265 contra
989 3224 1066 3268 eum
1092 3204 1135 3268 ad

53 3325 158 3390 quem
198 3299 298 3391 hujus
334 3314 442 3367 morte
481 3298 648 3365 hereditas
682 3299 885 3385 pervenerit.
946 3298 989 3368 In
1023 3302 1135 3391 priore

53 3402 153 3471 nulla
180 3414 461 3468 commemoratur
488 3398 695 3484 προθεσμίακ
723 3401 767 3466 in'
782 3402 886 3471 altero
908 3416 1018 3468 autem
1039 3404 1134 3470 addi.

45 3498 147 3588 'tin'
163 3503 195 3570 ei
217 3503 351 3567 demum
372 3515 482 3590 petere
503 3500 625 3585 licere,
660 3490 685 3587 ᾧ
706 3494 726 3584 ἢ
748 3502 927 3586 προθεσμία
948 3500 1044 3586 μήπω
1064 3503 1133 3585 ἐξή.
1259 3550 1268 3563 ,

53 3630 116 3693 κῃ,
154 3604 190 3671 h.
214 3629 244 3670 e.
276 3602 335 3691 qui
362 3602 459 3671 illam
479 3601 774 3693 praescriptionem
792 3600 1042 3693 (quinquennii)
1065 3631 1133 3673 nou

53 3705 147 3775 elabi
167 3730 282 3797 passus
304 3704 359 3773 sit.
412 3701 516 3771 Vides
537 3704 639 3771 etiam
660 3703 747 3770 hanc
775 3705 885 3789 legem
906 3720 1037 3774 nostrae
1058 3730 1134 3774 seu·

51 3807 179 3877 tentiae
206 3805 421 3897 patrocinari.
465 3805 530 3873 Sed
552 3806 750 3887 Platnerus,
781 3820 818 3871 ut
844 3806 909 3871 hoc
930 3829 1057 3894 quoque
1079 3831 1134 3874 ar·

46 3924 253 3998 ·gumentum
283 3908 411 3990 eludat,
442 3904 747 3995 interpretationem
779 3906 1041 3974 comminiscitur
1068 3910 1133 3976 hri·

52 4010 221 4101 jusmodi:
249 4011 353 4077 verba
374 3998 441 4094 ᾧῆ
470 4006 649 4094 προθεσμία
669 4003 764 4091 μήπω
785 4003 876 4094 ἐξήκῃ
897 4030 964 4074 non
987 4010 1027 4074 de
1047 4011 1133 4100 peti·

53 4126 129 4181 tore
157 4111 262 4202 accipi
289 4111 364 4178 vult
390 4109 446 4176 sod
478 4109 519 4175 de
547 4131 605 4190 eo,
633 4106 721 4174 unde
750 4112 903 4198 petatur,
935 4109 1047 4191 illius,
1078 4114 1133 4179 cui

53 4212 204 4305 primum
240 4211 406 4281 hereditas
435 4208 622 4300 adjudicata
649 4207 711 4296 sit,
750 4207 1134 4379 herede.²88ignifieari
