2632 4800
144 338 147 345 ·
246 311 311 384 DE
331 309 951 429 Asutrfflut·nuuuu1TATu.·
1061 315 1129 391 427.

50 484 172 555 beutao
199 506 269 553 esse
295 482 470 576 jubentur,
501 497 546 551 ut
576 506 693 553 eorum
720 482 847 569 instar,
878 485 936 573 qni
964 487 1129 555 solemnia

53 584 236 654 certamina
257 586 473 653 moderantur
494 610 599 672 neque
628 585 829 673 concedunt,
858 601 894 652 nt
915 588 989 673 quis
1011 604 1129 663 contra

36 690 145 776 'leges
159 687 244 755 dolis
266 703 362 774 atque
384 687 532 755 artificiis
551 686 692 754 victoria
713 688 879 776 potiatur,
910 687 978 777 ipsi
999 697 1130 777 quoqne

52 789 92 860 iu
113 789 275 859 sententia
288 790 426 856 dicenda
446 788 499 881 juo
520 803 646 855 tantum
669 805 700 857 et
714 813 855 877 aequum
872 804 1042 878 spectent,
1067 814 1135 856 nee

52 915 118 981 quc
140 890 325 959 adversarii
344 889 539 979 eloquentia¹
551 889 713 983 judicium
738 915 835 958 suum
857 914 877 956 a
898 913 979 958 vero
1001 891 1131 960 deflecti
1167 894 1170 905 '

51 993 234 1085 patiantur.
275 992 327 1059 lta
354 994 440 1082 apud
461 992 680 1069 Aristotelem-
698 993 823 1063 rhetor.
847 991 866 1059 Ι
892 991 1029 1081 cala-46
1046 1007 1134 1081 'pagt

57 1094 126 1163 164
154 1095 207 1166 ed.
228 1095 329 1162 Aem.
351 1094 459 1179 Porti,
492 1092 583 1183 Spin.
613 1094 699 1162 1592
718 1098 776 1159 τοῦ
803 1092 923 1159 δικαίου
952 1092 1132 1179 βραβεοσὴς

52 1196 160 1289 judex
188 1221 258 1264 esse
286 1197 423 1280 dicitur,
456 1221 557 1283 quum
578 1219 624 1263 ox
653 1194 758 1265 animi
785 1194 839 1261 sui
859 1195 1021 1262 sententia
1042 1195 1130 1284 quod

40 1297 181 1388 ⁴justum
202 1298 335 1365 videtur
354 1298 564 1388 pronuntiat,
597 1320 702 1383 neque
723 1299 765 1362 ad
794 1296 897 1382 aliam
917 1298 1024 1367 ullam
1044 1321 1131 1386 rem,

26 1412 31 1433 ¹
53 1423 99 1467 ne
120 1401 212 1487 leges
233 1400 365 1487 quidem
395 1414 427 1466 et
447 1416 542 1486 pacta
562 1397 787 1488 litigantium,
825 1390 855 1466 s'i
876 1412 992 1469 contro
1010 1387 1132 1469 verum

38 1500 141 1573 ,illud
163 1501 215 1592 jus
237 1526 306 1568 esse
328 1500 508 1587 censuerit,
534 1501 696 1593 judicium
717 1524 815 1569 suum
837 1499 964 1588 dirigit.
1006 1499 1051 1566 Et
1071 1499 1132 1566 alit

56 1626 187 1692 quoque
214 1627 282 1671 nou
307 1626 385 1670 raro
406 1607 471 1673 hoc
496 1605 567 1694 ipso
593 1604 756 1671 vocabulo
787 1617 820 1670 et
839 1603 942 1671 verbo
968 1599 1132 1687 βραβεύειν

53 1719 214 1796 utuntur,
247 1706 306 1773 ubi
331 1700 518 1773 libertatem
545 1705 696 1788 arbitrii,
728 1703 822 1769 nulla
852 1726 889 1779 rc
916 1717 1054 1771 exterus
1074 1705 1133 1771 vel

31 1814 35 1823 '
57 1805 168 1873 aliena
189 1807 403 1897 impeditam,
433 1806 621 1894 siguificare
642 1806 772 1874 volunt.
816 1803 957 1893 Aliquot
977 1806 1132 1894 exempla

58 1908 227 1995 congessit
246 1908 436 1974 Dorvillius
458 1909 498 1973 ad
523 1907 697 1977 Chariton.
720 1932 754 1997 p.
777 1904 853 1975 445.
1028 1948 1031 1958 ·
1220 1974 1224 1985 ,

146 2009 183 2097 ᾧ.
206 2011 261 2077 36.
294 2010 343 2074 ἐπὶ
370 2009 409 2074 τὰ
433 2009 500 2095 ἱεροὶ
522 2010 635 2075 ἐκείνου
656 2047 710 2079 ·-.
743 2006 881 2074 Valesio
904 2007 946 2074 ad
966 2006 1132 2097 Harpocr.

57 2134 94 2201 ρ.
116 2111 160 2179 88
182 2111 260 2198 (324
280 2111 388 2200 Lips.)
410 2111 484 2197 ἠρία
506 2113 733 2201 reponendum
755 2094 907 2177 suadenti
928 2124 1016 2175 recte
1038 2109 1134 2175 oblo-

58 2212 173 2302 quitur
197 2212 368 2282 Reiskius.
412 2212 652 2302 significantur
679 2228 787 2280 autem
818 2210 859 2277 τὰ
887 2215 1018 2298 πατρῷα
1046 2206 1133 2295 Ιἱεροί,

61 2314 243 2401 dequibus
273 2315 344 2382 vid.
376 2316 415 2381 ad
439 2340 489 2386 or.
521 2317 563 2382 de
584 2316 725 2385 Menecl.
748 2315 821 2382 her.
846 2320 879 2394 9.
904 2313 935 2379 1.
979 2310 1135 2379 Similem

59 2415 190 2482 Valesii
223 2415 461 2506 conjecturam,
485 2417 527 2499 iq
549 2416 714 2482 Dinarchi
736 2439 786 2482 or.
816 2431 877 2481 ctr.
899 2414 1077 2501 Aristogit.
1099 2439 1133 2502 p.
1224 2402 1229 2415 „

58 2518 105 2590 80
125 2541 186 2606 pro
207 2517 274 2602 ἱερὰ
296 2523 427 2605 πατρῷα
449 2517 627 2605 legendum
648 2541 718 2583 esse
739 2515 812 2601 ἠρία
835 2519 983 2602 πατρῷα,
1013 2516 1136 2603 proba-

58 2635 131 2687 tam
159 2619 284 2687 Meiere
307 2620 347 2686 de
378 2620 450 2687 ord.
484 2618 554 2709 jud.
586 2640 663 2705 pag.
684 2619 760 2702 203,
793 2617 911 2682 merito
933 2615 1137 2704 improbavit

61 2720 242 2790 Wurmius
271 2719 401 2788 Gomm.
429 2720 466 2785 in
486 2714 651 2786 Dinarch.
680 2743 756 2807 pag.
780 2718 1019 2785 175.176.-
1049 2714 1136 2783 (ium

60 2847 155 2910 seqq.
191 2823 229 2897 ἃς
261 2821 354 2898 αὐτὸς
384 2818 534 2907 πρότερον
564 2819 721 2889 ἀπέθανεν
747 2819 767 2905 ἢ
795 2823 973 2904 παραβῆναι
1001 2833 1137 2907 propter

62 2925 316 2993 collocationem
329 2926 510 2990 verborum
529 2921 714 3014 comparari
727 2935 832 3013 potest
848 2923 984 2989 Isocrat.
996 2919 1136 2996 Plataic‚

61 3055 97 3118 p.
126 3029 208 3094 30οε
246 3024 321 3101 τούς
348 3025 382 3089 d'
412 3022 449 3090 οὐ
479 3021 628 3112 πρότερον
656 3021 830 3089 παύσονται
863 3024 937 3108 πρίν
965 3020 1003 3087 ἂν
1038 3019 1138 3098 οὕτως
1272 3065 1278 3077 ,

63 3128 169 3212 ὥσπερ
197 3124 281 3212 ἡμᾶς
307 3129 472 3193 διαθῶσιν.
521 3126 604 3192 Mox
625 3125 799 3212 παρανοίας
820 3120 961 3210 αἱρήσετε
982 3147 1062 3190 sane
1082 3122 1138 3189 in·
1179 3132 1182 3137 '

64 3219 211 3299 solenter
231 3231 356 3295 dictum
378 3229 417 3294 de
438 3226 622 3315 jndicibus,
650 3252 717 3293 uon
740 3228 780 3292 de
802 3225 1010 3311 adversario,
1044 3222 1138 3317 cujus
1220 3270 1231 3299 .

10 3330 13 3335 ’
63 3331 200 3422 proprie
222 3347 269 3397 est
290 3331 374 3395 illud
397 3328 505 3415 αἷρεῖν.
549 3327 662 3396 Simili
679 3346 790 3394 tamen
810 3328 962 3393 libertate
976 3326 1137 3393 Aeschin.

63 3434 102 3499 iu
126 3430 273 3521 ctesiph.
302 3458 335 3522 p.
358 3430 441 3499 544:
480 3429 695 3521 uq'd'cioae‘rs
715 3431 889 3515 παρανοίας
916 3426 1140 3503 ἐναντίοντῶν

62 3530 221 3615 Ἑλλήνων
250 3532 306 3598 τὸν
333 3535 433 3616 δῆμον
460 3537 523 3598 τῶν
543 3531 732 3616 Ἀθηναίων.
774 3529 948 3620 Euripides
972 3529 1082 3596 Orest.
1101 3553 1138 3596 v.

65 3636 132 3703 789
152 3635 269 3703 Pons:
297 3632 341 3718 μή
364 3658 398 3700 σε
418 3640 527 3720 ψῆφος
546 3632 685 3719 Ἀργείων
707 3633 771 3720 ίλῂ.
816 3632 1026 3718 Quamquam
1051 3628 1139 3716 apud
1255 3696 1258 3702 ,

67 3752 200 3827 poetam
230 3738 310 3803 talia
339 3736 507 3803 neminem
534 3737 717 3817 offendant3
748 3737 788 3800 ab
810 3748 940 3800 oratore
961 3732 1007 3797 ita
1029 3731 1139 3820 potius

67 3839 228 3924 scriptum
250 3839 492 3928 expectaveris:
514 3835 688 3922 παράνοιαν
709 3836 807 3899 αἰτοῦ
827 3831 1084 3918 καταγνώσεσθε,
1104 3847 1143 3899 ut

70 3940 111 4005 de
126 3939 241 4006 Cleon.
265 3941 337 4007 her.
362 3938 399 4026 §-
418 3941 472 4008 50.
517 3938 602 4005 Nam
625 3937 721 4022 αἱρεῖν
742 3936 783 4001 de
805 3950 993 4001 accusatore
1015 3934 1142 4001 dictum

71 4041 174 4107 aliam
202 4042 302 4107 habet
329 4041 504 4107 rationem.
553 4039 658 4107 Aliud
687 4038 787 4103 etiam
815 4045 864 4102 est
890 4041 1072 4118 καθαιρεῖν,
1101 4033 1142 4100 de

71 4141 345 4209 condemnatione
359 4140 500 4224 dictum,
522 4140 798 4228 quemadmodum
819 4133 839 4221 ἦ
856 4142 1056 4224 καθαιροῦσα
1077 4139 1144 4220 ψῆ-

72 4266 133 4330 φος
160 4267 211 4335 ap.
233 4240 373 4336 Lysiam
398 4241 436 4309 in
456 4240 597 4331 Agorat.
620 4262 660 4334 ρ.
681 4239 757 4310 tot.
779 4238 954 4351 Pollucem
973 4235 1074 4324 vffl,
1100 4235 1143 4306 1⁵
