2632 4800
60 334 63 339 -
168 288 233 353 3⁰8
523 280 570 349 ΙΝ
594 276 876 350 ORATIONEM
1008 271 1015 285 ’

255 452 292 539 ᾧ.
305 452 360 518 36.
383 456 422 536 τῇ
432 450 489 533 μὲν
501 453 585 537 φυλῇ
606 450 649 524 είς
663 445 816 516 Διονύσια
831 442 1009 532 χορηγήσας
1027 472 1080 511 ··-.
1102 444 1248 513 Utrum·

172 577 235 642 que
263 552 330 618 dici
361 553 463 636 solet,
491 558 633 636 χορηγεῖν
664 552 706 623 εἰς
726 546 880 615 Διονύσια
910 563 943 614 et
958 572 1032 633 χορ.
1054 550 1246 623 Διονυσίοις.

174 655 228 723 (ll.
250 654 332 745 Lys.
356 651 448 719 ἀπολ.
472 653 585 737 δωροδ.
614 675 648 739 p.
670 651 755 716 698ι
788 642 933 735 ἀνδράσιΙ
937 654 1081 733 χορηγῶν
1101 652 1144 724 είς
1164 652 1261 737 Διο·Ι

173 755 262 823 νόοιο
283 793 327 804 -
346 755 398 818 καὶ
428 754 477 817 ἐπὶ
498 752 665 826 Διοκλέους
685 752 927 834 Παναθηναίοις
954 760 1020 826 τοῖς
1046 760 1168 838 μικροῖς
1189 776 1249 815 ιιυ-

175 862 267 944 ιιλαιῷ
283 860 371 943 χορῷ
390 893 434 905 -
455 871 486 921 et
517 881 551 945 p.
574 856 656 921 699:
693 851 958 937 ἐγυμνασιάρχουν
979 854 1021 927 τίς
1040 848 1247 937 Προμήθεια,

176 975 208 1026 et
220 957 306 1025 Isae.
329 957 370 1022 de
385 957 500 1044 Apoll.
523 957 595 1021 her.
617 954 655 1042 ξ.
670 956 729 1020 36ι
756 952 1044 1039 γιγυμνασιιίρχηιια
1065 956 1247 1039 ιίςΠρομ.,

78 1128 83 1143 ,
174 1059 603 1159 quemadmodom'labulae
624 1080 752 1143 quoque
773 1057 926 1122 dicuntur
946 1057 1134 1140 διδαχθῆναι
1153 1080 1191 1124 v.
1213 1080 1248 1123 c.

175 1166 218 1237 είς
243 1157 376 1245 Λήναια
403 1160 439 1225 in
469 1156 671 1225 Didascaliis
700 1157 741 1222 ad
769 1157 946 1245 Aristoph.
969 1156 1101 1238 Rauca,
1136 1158 1248 1238 Aves,
1287 1163 1290 1167 ’

176 1262 328 1352 Equites,
350 1260 499 1349 Vespas,
528 1259 584 1325 sed
607 1260 639 1322 ἒν
652 1258 808 1341 Ληναίοις
827 1258 866 1324 in
880 1257 962 1333 Did.
986 1260 1250 1326 ad-Aclrarnen-

174 1390 239 1433 scs.
282 1363 450 1431 Nimirum
480 1364 522 1435 εἰς
551 1360 716 1447 siguificat
743 1360 789 1424 ad
806 1360 930 1446 stastum
955 1362 1248 1446 cmwelebrandum,

60 1488 72 1537 ·.
173 1491 279 1554 neque
298 1466 397 1533 video
419 1460 709 1549 curBernhardyo
731 1461 795 1527 hoc
816 1463 926 1528 minus
946 1477 1035 1529 recte
1051 1462 1118 1529 dici
1127 1462 1249 1530 videa·

174 1586 244 1648 tur,
285 1564 429 1657 Syntax.
460 1589 493 1653 p.
514 1546 589 1630 915.
610 1601 654 1613 -
683 1560 840 1629 Getarum
868 1562 1020 1629 Διονίοια
1048 1563 1249 1653 simpliciter

175 1668 335 1760 appellari
363 1669 471 1734 solent
499 1666 624 1730 ανίιαιισ
652 1687 680 1730 s.
709 1688 826 1748 magara
846 1666 1029 1750 Liberalia,
1058 1687 1142 1752 quae
1162 1664 1249 1731 Ela-

173 1770 372 1861 phabolione
396 1790 507 1833 mense
533 1765 802 1852 celebrabantur,
828 1766 899 1835 vid.
921 1766 1072 1834 Bocclsh.
1094 1766 1136 1831 da
1156 1764 1247 1833 Dio·

174 1871 281 1963 nysiis
307 1870 344 1934 in
368 1867 498 1936 Gomm.
520 1867 626 1934 Acad.
654 1866 793 1936 Boruss.
834 1868 954 1954 Qualis
981 1884 1101 1935 autom·
1120 1868 1246 1935 clioms

174 1972 379 2059 Dicaeogeni
401 1970 568 2037 ornandus
590 1969 768 2057 obtigerit,
795 1995 862 2037 non
884 1984 1033 2061 apparet3
1063 1970 1248 2039 nonenim

175 2074 346 2162 tragoedos
367 2086 495 2138 tantum
517 2086 549 2138 et
570 2072 764 2152 comoedos,
792 2072 848 2139 sed
871 2074 954 2139 alios
975 2094 1121 2159 quoque,
1153 2094 1190 2144 v.
1212 2096 1246 2139 c.

175 2177 345 2242 saltatores
373 2190 405 2239 et
431 2173 583 2240 tibicines
614 2175 776 2241 committi
804 2175 866 2240 illo
888 2174 1133 2265 Dionysiorum
1158 2174 1247 2239 festo

175 2278 290 2345 solitos
321 2298 391 2341 esse
424 2291 567 2358 constat,
599 2277 692 2342 velut
711 2277 973 2343 Demosthenem
1007 2275 1158 2359 αὐληταῖς
1186 2272 1247 2339 ἅν-

175 2374 285 2464 δριίσιν
306 2379 487 2463 choragum
508 2378 609 2442 fuisse
629 2377 786 2445 novimus
807 2402 851 2444 ex
871 2401 921 2445 or.
943 2378 981 2443 in
1002 2376 1165 2457 Midum,
1187 2375 1247 2442 ἅν-

175 2476 270 2565 δριίσι
297 2477 429 2564 χορηγὸς
456 2480 498 2553 είς
518 2476 670 2543 Διονύσιοι
691 2480 754 2546 fuit
779 2480 809 2546 is
832 2480 885 2546 cni
907 2479 1028 2566 scripta
1050 2494 1098 2545 est
1118 2478 1247 2569 Lysiae

175 2574 281 2652 oratio
302 2582 401 2647 modo
431 2581 587 2665 laudata,
619 2582 723 2646 παισίν
753 2598 786 2648 et
807 2578 937 2666 ἀνδράσι
956 2581 1083 2667 χορηγοὶ
1104 2604 1247 2647 enume-

173 2699 291 2750 rantur
316 2683 354 2748 in
374 2681 593 2771 Inscriptione
624 2707 675 2772 ap.
698 2683 908 2749 Boeckhium
939 2705 994 2748 no.
1016 2684 1080 2749 213
1108 2706 1143 2771 p.
1164 2681 1244 2750 343.

175 2784 303 2873 Quodsi
330 2783 447 2871 quinos
477 2783 632 2876 cujusque
655 2785 785 2872 generis
816 2786 934 2850 choros
954 2784 1149 2850 commissos
1172 2807 1246 2851 esse

173 2887 367 2968 statuimus,
395 2885 639 2972 Dicaeogenem
653 2886 872 2975 penultimum
892 2886 1074 2976 judicatum
1095 2909 1167 2952 esse
1189 2886 1246 2953 vl·

174 2989 300 3053 demus.
343 2986 396 3052 De
418 2987 528 3072 quinis
555 2988 678 3054 fabulis
699 3002 787 3054 certa
807 3012 861 3054 res
882 3010 952 3054 esse
972 2986 1115 3054 videtur.
1160 2986 1244 3055 Vit.

173 3088 324 3155 Boeckh.
346 3088 372 3152 l.
394 3088 420 3153 l.
443 3113 476 3176 p.
499 3090 575 3158 352.

152 3260 155 3265 ¹
257 3189 428 3275 τραγῳδοῖς
449 3179 483 3253 δὲ
504 3193 554 3254 καὶ
567 3190 778 3280 πυρριχισταῖς
798 3230 851 3256 -.
872 3191 1004 3257 Horum
1025 3188 1151 3256 scilicet
1171 3214 1244 3257 non

174 3291 288 3357 eodem
304 3289 360 3356 sed
383 3290 449 3355 alio
466 3305 612 3381 tempore
627 3296 789 3381 choragus
804 3294 884 3375 fuit3
911 3290 1122 3378 nequeenim
1142 3291 1244 3357 binae

173 3392 290 3459 eodem
310 3406 457 3479 tempore
476 3392 633 3479 liturgiae
654 3395 823 3461 obeundae
845 3409 949 3460 erant.
994 3390 1073 3459 Vid.
1085 3391 1243 3460 Boecklr.

174 3492 215 3559 de
237 3517 350 3559 oecon.
372 3493 534 3583 reipubl.
556 3495 639 3562 Ath.
663 3495 734 3584 lp.
757 3495 832 3563 486.
1055 3502 1058 3507 ’

258 3591 375 3669 ταύτας
405 3594 439 3657 δὲ
465 3593 564 3676 μόνας
582 3635 627 3647 ·-
647 3598 845 3681 λειτουργίας.
899 3596 1057 3664 Reiskius
1081 3597 1186 3662 malle
1209 3620 1246 3663 sa

172 3694 253 3760 dicit
282 3693 340 3771 τὰς
365 3697 564 3780 λειτουργίας.
605 3697 654 3763 At
681 3700 768 3765 conf.
791 3698 873 3789 Lys.
897 3699 937 3764 de
957 3698 1048 3764 caed.
1071 3696 1246 3766 Eratosth.

171 3797 258 3886 p.8:
285 3793 402 3879 ταύτην
418 3796 478 3883 γὰρ
493 3798 616 3885 ἐμαυτῷ
630 3797 730 3883 μόνην
750 3795 885 3884 ἡγοῦμαι
906 3798 1061 3883 σωτηρίαν
1082 3837 1126 3847 -
1147 3798 1246 3890 cujus

172 3911 355 3964 structurae
374 3898 537 3965 rationem
559 3915 647 3966 recte
667 3903 820 3989 exposuit
829 3900 997 3984 Reisigius
1018 3899 1055 3966 in
1076 3898 1245 3990 Gonjectt.

170 4021 207 4087 p.
228 3996 304 4063 183.
326 4034 370 4048 -
388 3999 443 4066 De
463 4001 499 4068 vi
520 4001 772 4091 praepositionis
792 4004 829 4068 in
856 4002 1047 4087 loquutione
1068 4006 1247 4087 λειτουργῆ-

172 4119 227 4162 σαι
259 4094 318 4162 dod
360 4097 516 4184 τοσαύτης
548 4099 703 4187 προσόδου
739 4103 811 4170 vid.
839 4103 962 4171 Baehr.
993 4103 1042 4170 ad*
1063 4103 1244 4172 Plutarch.

170 4196 380 4287 Philopoem.
401 4224 436 4288 p.
457 4203 512 4269 39.
535 4204 579 4270 cf.
601 4202 689 4272 infra
712 4208 746 4283 ᾗ.
768 4204 823 4273 39.
