2632 4800
121 136 186 202 228
484 130 535 200 ΙΝ
555 128 845 200 ottt'rtottttot

120 326 228 391 neque
247 315 286 368 ut
307 301 423 368 domus
444 306 504 367 sua
524 316 789 370 conservaretur.
831 299 919 367 Nam
940 323 1044 388 quum
1062 299 1204 391 propio·

121 428 176 472 res
205 402 343 495 Pyrrho
374 401 506 489 cognati
537 427 605 469 non
632 402 761 469 fuerint
787 425 886 490 quam
907 400 1035 469 Eudios
1064 400 1205 492 ejusque

120 500 245 588 irater,
274 501 351 570 lieri
370 527 438 569 non
459 503 605 594 potuisse
625 500 706 590 quin
727 504 821 584 lilia,
843 504 873 570 si
894 504 1026 590 quidem
1046 502 1203 591 legitima
1315 519 1316 530 ¹

121 619 229 691 esset,
261 605 384 671 horum
414 605 567 671 alterutri
595 629 662 671 uua
684 630 760 671 cum
781 605 964 671 hereditate
990 605 1203 694 adjudicare·
1310 648 1314 663 ι

121 722 197 792 tur3
220 704 476 773 'conservandae
512 722 622 774 autem
653 706 767 775 domui
797 705 845 772 ita
879 707 1040 772 facillime
1069 705 1204 773 consuli
1315 725 1316 734 ¹

121 807 279 900 potuisse,
300 807 336 874 si
352 808 552 892 mandasset,
573 823 611 874 ut
630 831 675 873 ex
694 807 882 896 nepotibus,
903 833 986 896 quos
1006 807 1077 875 fitia
1098 816 1203 897 p'epe-
1302 798 1315 887 'j

122 910 241 991 risset,
259 908 480 996 unusaliquis
495 909 585 976 lilius
607 908 673 975 sibi
692 909 931 977 institueretur.
975 908 1074 995 Quod
1095 933 1202 996 quum
1315 923 1316 933 ¹

118 1010 327 1102 adoptaverit
353 1008 520 1094 Rodium,
556 1010 680 1077 Philen
707 1025 819 1077 autem
849 1011 887 1076 in
914 1011 1100 1099 phratriam
1127 1020 1200 1077 'teon
1310 1019 1312 1030 '

119 1110 314 1196 induxerit,
345 1110 432 1178 hauc
459 1111 559 1179 etiam
585 1111 690 1201 ipsius
712 1111 816 1201 patris
836 1110 1026 1184 testimonio
1048 1111 1201 1203 spuriam
1310 1128 1313 1145 '

120 1215 321 1283 tectarum
342 1236 425 1281 esse.

475 1383 522 1448 lu
543 1380 837 1475 Hypotlsesin.

206 1515 307 1587 Vere.
329 1522 363 1585 7.
402 1517 456 1582 καὶ
486 1513 568 1585 ἑάλω
594 1520 894 1607 ψευδομαρτυριῶν,
929 1513 1113 1602 Νικοδήμου
1143 1519 1199 1583 stol
1245 1538 1248 1546 ¹
1297 1518 1302 1571 ;

52 1698 55 1709 Ι
122 1618 221 1687 edroi
247 1616 509 1704 μαρτυρήσαντος
529 1660 583 1688 -.
605 1617 622 1687 ὃ
646 1619 773 1686 'Eudios
794 1622 829 1686 δὲ
850 1619 984 1708 ἀδελφὸς
1002 1655 1047 1674 ν-
1064 1658 1112 1670 -
1131 1644 1199 1708 φη-

120 1722 172 1788 οἶυ
190 1730 255 1788 κτλ.
298 1722 391 1788 Haec
412 1747 480 1788 nou
502 1721 602 1790 nimis
617 1722 772 1789 distincte
793 1746 832 1789 ac
852 1722 1023 1813 perspicue
1044 1720 1198 1810 exposita
1309 1740 1313 1755 ‘¹

120 1847 192 1891 esse
220 1823 347 1913 quivis,
385 1823 525 1913 opinor,
560 1826 729 1892 concedet.
781 1825 903 1891 Melius
931 1839 1018 1890 certe
1047 1821 1086 1889 iu
1111 1847 1198 1891 voce
1280 1904 1284 1915 Ι
1312 1861 1316 1866 =

120 1928 402 2012 ψευδομαρτυριῶν
421 1925 572 1992 liniretur
593 1927 769 2016 periodus,
801 1948 953 2014 novaque
975 1923 1128 2014 deinceps
1149 1924 1199 1993 ita

1 2045 3 2052 ’
121 2025 303 2118 inciperet:
332 2023 512 2110 Νικοδήμου
534 2028 574 2092 dd
594 2029 647 2092 stol
668 2027 766 2095 αὐτοῦ
786 2053 882 2114 pope.
903 2064 946 2077 -·-
966 2065 1010 2077 -
1031 2024 1048 2092 d
1068 2025 1198 2091 ’Eedlov
1299 2063 1316 2074 ··

121 2127 256 2216 ἀδελφὸς
277 2135 344 2194 κτλ.
350 2177 361 2208 ,
398 2145 455 2196 aut
476 2128 575 2195 etiam
600 2126 702 2218 τούτῳ
723 2126 972 2214 ἐπισκηψάμενος
992 2124 1009 2193 d
1029 2126 1117 2192 'Eut
1141 2126 1197 2194 ut.
1298 2128 1304 2145 ¹

121 2228 249 2298 Verum
278 2231 347 2298 ecio
376 2255 444 2298 non
464 2230 643 2298 librarium
674 2233 732 2300 sed
758 2232 870 2322 ipsum
897 2230 1157 2318 grammaticum
1176 2251 1200 2296 ι
1301 2254 1313 2259 ·

122 2354 178 2399 me
206 2332 351 2418 corrigi,
382 2332 439 2419 qui
470 2334 556 2420 quod
584 2334 717 2425 scripsit
743 2331 761 2400 d
786 2333 873 2400 Ἔνδ.
903 2333 939 2397 δὲ
971 2327 1106 2423 ἀδεοφδς
1115 2376 1122 2417 3
1133 2354 1201 2421 pro

122 2429 151 2499 ri·
168 2432 203 2499 dl
226 2431 351 2500 Ἐὐδίου
380 2433 451 2514 ott„
478 2434 558 2501 iecit
584 2436 649 2501 hoc
670 2434 804 2521 quidem
833 2434 1033 2525 optimorum
1054 2431 1200 2525 scripto-

1 2566 4 2572 ,
120 2557 197 2602 rum
218 2537 383 2625 exemplo.
428 2534 481 2603 cf.
503 2535 608 2627 Popp.
632 2537 734 2605 Obss.
760 2536 800 2604 in
820 2537 931 2606 Thoe.
953 2560 987 2626 p.
1010 2537 1065 2604 30.

396 2705 448 2773 In
469 2705 724 2773 orationem
754 2707 913 2799 ipsam.

208 2838 245 2928 d.
268 2840 300 2906 1.
323 2838 450 2927 Ἄνδρες
470 2841 624 2907 δικασταί.
668 2840 790 2910 Statim
810 2839 909 2908 initio
935 2838 1065 2931 periodi
1085 2840 1198 2908 collo·
1308 2877 1316 2892 ·

121 2954 229 3027 eatam
257 2940 405 3030 judicum
436 2945 709 3032 appellationem,
737 2967 820 3031 quae
839 2944 1033 3032 plerumque
1053 2941 1117 3008 uni
1137 2956 1199 3008 aut
1311 2971 1316 2982 ’

121 3041 248 3128 aliquot
278 3043 391 3110 verbis
415 3044 573 3132 subjungi
600 3048 704 3130 solet,
736 3046 836 3112 habet
864 3044 965 3109 etiam
990 3044 1034 3109 fr.
1058 3066 1109 3110 or.
1131 3066 1196 3133 pro
1286 3063 1309 3135 'p

119 3141 283 3210 Eumathe
305 3144 343 3231 ᾗ.
362 3147 400 3231 1,
429 3147 510 3212 item
525 3146 701 3215 Demosth.
724 3146 800 3214 adv.
814 3145 948 3236 Leptin.
969 3170 1002 3234 p.
1016 3143 1194 3220 touton
1284 3140 1302 3223 fl

118 3242 319 3311 Zenothem.
351 3271 384 3334 p.
406 3249 481 3315 882.
514 3273 564 3315 or.
597 3249 637 3314 de
657 3248 828 3314 Haloneso
848 3272 885 3336 p.
907 3248 961 3314 76.
1005 3245 1118 3332 Atque
1138 3243 1195 3313 lois
1283 3230 1297 3369 ι

119 3345 273 3411 omnibus
290 3347 374 3414 locis
393 3341 533 3416 etiamsi
553 3349 739 3440 interjectio
759 3348 880 3416 omissa
895 3361 954 3431 est,
976 3349 1070 3438 cujus
1086 3346 1194 3415 omis·

118 3445 221 3513 sionis
241 3447 280 3511 in
300 3448 409 3515 media
427 3475 555 3538 quoque
577 3451 726 3517 oratione
740 3452 903 3518 nonnulla
923 3464 999 3515 sunt
1021 3472 1074 3537 ap.
1091 3462 1193 3516 oratt.

119 3549 284 3638 exempla.
330 3548 383 3617 Gi.
411 3549 539 3618 Bromi.
568 3554 609 3618 ad
630 3553 755 3619 Aesch.
784 3552 822 3618 iu
843 3552 938 3618 Tim.
960 3575 994 3640 p.
1017 3551 1070 3617 16.
1095 3550 1194 3617 etad

118 3645 201 3738 Lys.
225 3649 262 3714 in
283 3650 423 3741 Agorat.
446 3679 480 3742 p.
502 3653 567 3722 448
588 3655 635 3743 (p.
658 3653 702 3721 94
723 3654 776 3721 ed.
800 3654 928 3740 Gotho.
971 3651 1060 3719 Nam
1080 3649 1118 3717 in
1139 3655 1194 3723 fa·

107 3749 247 3823 ¹miliari
275 3775 428 3820 sermone
458 3754 721 3846 interjectionem
747 3755 858 3822 minus
879 3742 1056 3821 desideres.
1100 3751 1193 3823 Plus.

119 3848 223 3936 Gorg.
245 3875 279 3940 p.
300 3851 376 3920 489.
393 3854 438 3923 A.
458 3855 617 3924 Aeschin.
634 3857 781 3924 Axioch.
803 3883 837 3947 p.
859 3858 903 3924 36
923 3855 1036 3927 Fisch.

204 3949 300 4028 ἄπαις
330 3952 374 4019 ὢν
403 3960 536 4040 γνησίων
566 3959 697 4026 παίδων.
739 3958 825 4024 Nam
846 3959 984 4025 omnino
1005 3955 1101 4031 ducac
1120 3979 1195 4024 Μ

118 4065 201 4136 eret,
223 4076 325 4140 quum
336 4056 443 4124 liliam
453 4059 621 4128 heberete
638 4060 812 4127 meretrice
826 4075 1033 4148 procreatam
1039 4083 1051 4140 3
1072 4081 1195 4146 quam·
