<?xml version="1.0" encoding="UTF-8"?>
<!DOCTYPE html PUBLIC "-//W3C//DTD XHTML 1.0 Transitional//EN"
    "http://www.w3.org/TR/xhtml1/DTD/xhtml1-transitional.dtd">
<html xmlns="http://www.w3.org/1999/xhtml" xml:lang="en" lang="en">
 <head>
  <title>
</title>
<meta http-equiv="Content-Type" content="text/html;charset=utf-8" />
  <meta name='ocr-system' content='tesseract 3.04.00' />
  <meta name='ocr-capabilities' content='ocr_page ocr_carea ocr_par ocr_line ocrx_word'/>
</head>
<body>
  <div class='ocr_page' id='page_1' title='image "./isaeiorationesx00isaegoog_0378.png"; bbox 0 0 2632 4800; ppageno 0'>
   <div class='ocr_carea' id='block_1_1' title="bbox 284 322 1192 408">
    <p class='ocr_par' dir='ltr' id='par_1_1' title="bbox 284 322 1192 408">
     <span class='ocr_line' id='line_1_1' title="bbox 284 322 1192 408; baseline 0.009 -9"><span class='ocrx_word' id='word_1_1' title='bbox 284 331 348 402; x_wconf 89' lang='lat' dir='ltr'><strong>DE</strong></span> <span class='ocrx_word' id='word_1_2' title='bbox 369 322 681 402; x_wconf 79' lang='lat' dir='ltr'>APOLLODORI</span> <span class='ocrx_word' id='word_1_3' title='bbox 702 334 1024 408; x_wconf 79' lang='lat' dir='ltr'>HEREDITATE.</span> <span class='ocrx_word' id='word_1_4' title='bbox 1128 343 1192 407; x_wconf 84' lang='grc'><strong>355</strong></span> 
     </span>
    </p>
   </div>
   <div class='ocr_carea' id='block_1_2' title="bbox 109 501 1268 1406">
    <p class='ocr_par' dir='ltr' id='par_1_2' title="bbox 109 501 1268 1303">
     <span class='ocr_line' id='line_1_2' title="bbox 109 501 1188 595; baseline 0.004 -26"><span class='ocrx_word' id='word_1_5' title='bbox 109 502 266 589; x_wconf 84' lang='lat' dir='ltr'><strong>tingerns</strong></span> <span class='ocrx_word' id='word_1_6' title='bbox 287 516 397 569; x_wconf 88' lang='lat' dir='ltr'><strong>censet</strong></span> <span class='ocrx_word' id='word_1_7' title='bbox 418 501 455 568; x_wconf 91' lang='lat' dir='ltr'><strong>in</strong></span> <span class='ocrx_word' id='word_1_8' title='bbox 477 501 555 571; x_wconf 86' lang='grc' dir='ltr'><strong>Αοι.</strong></span> <span class='ocrx_word' id='word_1_9' title='bbox 576 502 748 591; x_wconf 84' lang='lat' dir='ltr'><strong>Philolog.</strong></span> <span class='ocrx_word' id='word_1_10' title='bbox 770 503 904 587; x_wconf 83' lang='lat' dir='ltr'><strong>Monac.</strong></span> <span class='ocrx_word' id='word_1_11' title='bbox 927 504 991 590; x_wconf 91' lang='lat'>111,</span> <span class='ocrx_word' id='word_1_12' title='bbox 1013 509 1036 575; x_wconf 85' lang='grc'><strong>3</strong></span> <span class='ocrx_word' id='word_1_13' title='bbox 1055 529 1091 595; x_wconf 87' lang='lat' dir='ltr'><strong>p.</strong></span> <span class='ocrx_word' id='word_1_14' title='bbox 1113 510 1188 575; x_wconf 89' lang='grc'><strong>339.</strong></span> 
     </span>
     <span class='ocr_line' id='line_1_3' title="bbox 109 599 1222 693; baseline 0.005 -22"><span class='ocrx_word' id='word_1_15' title='bbox 109 599 181 671; x_wconf 82' lang='lat' dir='ltr'><strong>Sed</strong></span> <span class='ocrx_word' id='word_1_16' title='bbox 205 603 330 691; x_wconf 83' lang='lat' dir='ltr'><strong>duplex</strong></span> <span class='ocrx_word' id='word_1_17' title='bbox 359 607 379 666; x_wconf 86' lang='grc' dir='ltr'><strong>λ</strong></span> <span class='ocrx_word' id='word_1_18' title='bbox 408 619 540 669; x_wconf 83' lang='grc' dir='ltr'><strong>ιιιοιιιιιι</strong></span> <span class='ocrx_word' id='word_1_19' title='bbox 561 628 628 669; x_wconf 91' lang='lat' dir='ltr'><strong>non</strong></span> <span class='ocrx_word' id='word_1_20' title='bbox 650 605 759 679; x_wconf 90' lang='lat' dir='ltr'><strong>solum</strong></span> <span class='ocrx_word' id='word_1_21' title='bbox 789 604 876 671; x_wconf 83' lang='lat' dir='ltr'><strong>Isaci</strong></span> <span class='ocrx_word' id='word_1_22' title='bbox 906 606 1034 688; x_wconf 84' lang='lat' dir='ltr'><strong>codices</strong></span> <span class='ocrx_word' id='word_1_23' title='bbox 1062 633 1188 693; x_wconf 86' lang='lat' dir='ltr'><strong>omnes,</strong></span> <span class='ocrx_word' id='word_1_24' title='bbox 1218 682 1222 687; x_wconf 67' lang='grc'><strong>,</strong></span> 
     </span>
     <span class='ocr_line' id='line_1_4' title="bbox 110 703 1187 795; baseline 0.005 -22"><span class='ocrx_word' id='word_1_25' title='bbox 110 704 169 773; x_wconf 73' lang='lat' dir='ltr'><strong>sed</strong></span> <span class='ocrx_word' id='word_1_26' title='bbox 192 705 294 771; x_wconf 79' lang='lat' dir='ltr'><strong>etiam</strong></span> <span class='ocrx_word' id='word_1_27' title='bbox 309 704 524 795; x_wconf 87' lang='lat' dir='ltr'><strong>Thucydidci</strong></span> <span class='ocrx_word' id='word_1_28' title='bbox 542 703 640 788; x_wconf 90' lang='lat' dir='ltr'>VIII,</span> <span class='ocrx_word' id='word_1_29' title='bbox 662 705 705 771; x_wconf 87' lang='grc'><strong>76</strong></span> <span class='ocrx_word' id='word_1_30' title='bbox 727 721 759 772; x_wconf 93' lang='lat' dir='ltr'><strong>et</strong></span> <span class='ocrx_word' id='word_1_31' title='bbox 780 705 1031 785; x_wconf 86' lang='lat' dir='ltr'><strong>Demosthenici</strong></span> <span class='ocrx_word' id='word_1_32' title='bbox 1053 734 1103 777; x_wconf 88' lang='lat' dir='ltr'><strong>or.</strong></span> <span class='ocrx_word' id='word_1_33' title='bbox 1126 727 1187 778; x_wconf 72' lang='lat' dir='ltr'><strong>ctrt</strong></span> 
     </span>
     <span class='ocr_line' id='line_1_5' title="bbox 110 804 1189 898; baseline 0.004 -23"><span class='ocrx_word' id='word_1_34' title='bbox 110 804 247 898; x_wconf 80' lang='lat' dir='ltr'><strong>Polycl.</strong></span> <span class='ocrx_word' id='word_1_35' title='bbox 268 831 302 896; x_wconf 87' lang='lat' dir='ltr'><strong>p.</strong></span> <span class='ocrx_word' id='word_1_36' title='bbox 325 806 421 889; x_wconf 89' lang='grc'><strong>1241,</strong></span> <span class='ocrx_word' id='word_1_37' title='bbox 442 809 506 898; x_wconf 50' lang='grc' dir='ltr'><strong>27,ἱ</strong></span> <span class='ocrx_word' id='word_1_38' title='bbox 528 807 585 873; x_wconf 90' lang='lat' dir='ltr'><strong>ubi</strong></span> <span class='ocrx_word' id='word_1_39' title='bbox 608 806 697 873; x_wconf 83' lang='lat' dir='ltr'>nihil</span> <span class='ocrx_word' id='word_1_40' title='bbox 716 807 886 874; x_wconf 82' lang='lat' dir='ltr'><strong>varietatis</strong></span> <span class='ocrx_word' id='word_1_41' title='bbox 908 831 928 873; x_wconf 85' lang='lat' dir='ltr'><strong>a</strong></span> <span class='ocrx_word' id='word_1_42' title='bbox 948 807 1107 878; x_wconf 87' lang='lat' dir='ltr'><strong>Bekkero</strong></span> <span class='ocrx_word' id='word_1_43' title='bbox 1130 813 1189 878; x_wconf 80' lang='lat' dir='ltr'><strong>ad-</strong></span> 
     </span>
     <span class='ocr_line' id='line_1_6' title="bbox 111 907 1188 999; baseline 0.005 -24"><span class='ocrx_word' id='word_1_44' title='bbox 111 923 265 975; x_wconf 79' lang='lat' dir='ltr'><strong>notatum</strong></span> <span class='ocrx_word' id='word_1_45' title='bbox 297 922 357 977; x_wconf 84' lang='lat' dir='ltr'><strong>est.</strong></span> <span class='ocrx_word' id='word_1_46' title='bbox 402 907 455 975; x_wconf 82' lang='lat' dir='ltr'><strong>Gi.</strong></span> <span class='ocrx_word' id='word_1_47' title='bbox 485 923 518 975; x_wconf 89' lang='lat' dir='ltr'><strong>et</strong></span> <span class='ocrx_word' id='word_1_48' title='bbox 539 907 671 975; x_wconf 84' lang='lat' dir='ltr'><strong>Andoc.</strong></span> <span class='ocrx_word' id='word_1_49' title='bbox 702 908 741 975; x_wconf 91' lang='lat' dir='ltr'><strong>de</strong></span> <span class='ocrx_word' id='word_1_50' title='bbox 769 924 909 999; x_wconf 90' lang='lat' dir='ltr'><strong>myster.</strong></span> <span class='ocrx_word' id='word_1_51' title='bbox 933 925 1022 978; x_wconf 84' lang='lat' dir='ltr'><strong>extr.</strong></span> <span class='ocrx_word' id='word_1_52' title='bbox 1044 912 1129 998; x_wconf 84' lang='lat' dir='ltr'><strong>Lys.</strong></span> <span class='ocrx_word' id='word_1_53' title='bbox 1151 915 1188 980; x_wconf 92' lang='lat' dir='ltr'><strong>iu</strong></span> 
     </span>
     <span class='ocr_line' id='line_1_7' title="bbox 109 1000 1268 1100; baseline 0.005 -23.01"><span class='ocrx_word' id='word_1_54' title='bbox 109 1008 288 1095; x_wconf 81' lang='lat' dir='ltr'><strong>Diogiton.</strong></span> <span class='ocrx_word' id='word_1_55' title='bbox 313 1015 347 1090; x_wconf 63' lang='grc' dir='ltr'><strong>θ.</strong></span> <span class='ocrx_word' id='word_1_56' title='bbox 369 1009 524 1076; x_wconf 75' lang='grc' dir='ltr'><strong>ὅΒοΙιΙι.</strong></span> <span class='ocrx_word' id='word_1_57' title='bbox 568 1009 709 1076; x_wconf 81' lang='lat' dir='ltr'><strong>Accedit</strong></span> <span class='ocrx_word' id='word_1_58' title='bbox 730 1010 829 1075; x_wconf 85' lang='lat' dir='ltr'><strong>etiam</strong></span> <span class='ocrx_word' id='word_1_59' title='bbox 851 1010 1106 1100; x_wconf 81' lang='lat' dir='ltr'><strong>inscriptionum</strong></span> <span class='ocrx_word' id='word_1_60' title='bbox 1128 1039 1187 1083; x_wconf 80' lang='lat' dir='ltr'><strong>nu·</strong></span> <span class='ocrx_word' id='word_1_61' title='bbox 1265 1000 1268 1005; x_wconf 26' lang='lat'><strong>¹</strong></span> 
     </span>
     <span class='ocr_line' id='line_1_8' title="bbox 110 1108 1265 1256; baseline -0.002 -77"><span class='ocrx_word' id='word_1_62' title='bbox 110 1108 279 1194; x_wconf 85' lang='lat' dir='ltr'><strong>ctoritss,</strong></span> <span class='ocrx_word' id='word_1_63' title='bbox 304 1112 398 1178; x_wconf 88' lang='lat' dir='ltr'><strong>velut</strong></span> <span class='ocrx_word' id='word_1_64' title='bbox 420 1109 521 1200; x_wconf 83' lang='lat' dir='ltr'><strong>Gorp.</strong></span> <span class='ocrx_word' id='word_1_65' title='bbox 544 1110 652 1184; x_wconf 82' lang='lat' dir='ltr'><strong>lusor.</strong></span> <span class='ocrx_word' id='word_1_66' title='bbox 673 1133 730 1177; x_wconf 90' lang='grc' dir='ltr'><strong>ιιο.</strong></span> <span class='ocrx_word' id='word_1_67' title='bbox 753 1112 828 1178; x_wconf 94' lang='grc'><strong>150.</strong></span> <span class='ocrx_word' id='word_1_68' title='bbox 850 1111 892 1180; x_wconf 86' lang='grc' dir='ltr'><strong>Β.</strong></span> <span class='ocrx_word' id='word_1_69' title='bbox 917 1113 970 1179; x_wconf 91' lang='grc'><strong>18.</strong></span> <span class='ocrx_word' id='word_1_70' title='bbox 1016 1111 1071 1182; x_wconf 80' lang='lat' dir='ltr'><strong>CI.</strong></span> <span class='ocrx_word' id='word_1_71' title='bbox 1094 1113 1185 1256; x_wconf 76' lang='grc' dir='ltr'><strong>Βοιι.</strong></span> <span class='ocrx_word' id='word_1_72' title='bbox 1263 1172 1265 1177; x_wconf 73' lang='grc'><strong>,</strong></span> 
     </span>
     <span class='ocr_line' id='line_1_9' title="bbox 110 1210 465 1303; baseline -0.003 -22"><span class='ocrx_word' id='word_1_73' title='bbox 110 1210 210 1303; x_wconf 77' lang='lat' dir='ltr'><strong>¹epist.</strong></span> <span class='ocrx_word' id='word_1_74' title='bbox 234 1210 309 1280; x_wconf 82' lang='lat' dir='ltr'><strong>crit.</strong></span> <span class='ocrx_word' id='word_1_75' title='bbox 299 1237 367 1302; x_wconf 87' lang='lat' dir='ltr'><strong>p.</strong></span> <span class='ocrx_word' id='word_1_76' title='bbox 357 1212 465 1280; x_wconf 89' lang='grc'><strong>.243.</strong></span> 
     </span>
    </p>

    <p class='ocr_par' dir='ltr' id='par_1_3' title="bbox 196 1311 1187 1406">
     <span class='ocr_line' id='line_1_10' title="bbox 196 1311 1187 1406; baseline 0.006 -26"><span class='ocrx_word' id='word_1_77' title='bbox 196 1335 248 1383; x_wconf 83' lang='lat' dir='ltr'><strong>vs.</strong></span> <span class='ocrx_word' id='word_1_78' title='bbox 276 1311 310 1380; x_wconf 90' lang='grc'><strong>4.</strong></span> <span class='ocrx_word' id='word_1_79' title='bbox 350 1312 550 1399; x_wconf 75' lang='grc' dir='ltr'><strong><em>Ἀρχίδαμος.</em></strong></span> <span class='ocrx_word' id='word_1_80' title='bbox 593 1313 644 1380; x_wconf 83' lang='lat' dir='ltr'><strong>Ita</strong></span> <span class='ocrx_word' id='word_1_81' title='bbox 666 1312 880 1385; x_wconf 83' lang='lat' dir='ltr'><strong>scribendum</strong></span> <span class='ocrx_word' id='word_1_82' title='bbox 901 1314 1007 1400; x_wconf 85' lang='lat' dir='ltr'><strong>duxi,</strong></span> <span class='ocrx_word' id='word_1_83' title='bbox 1032 1341 1100 1401; x_wconf 80' lang='lat' dir='ltr'><strong>nou</strong></span> <span class='ocrx_word' id='word_1_84' title='bbox 1114 1343 1187 1406; x_wconf 87' lang='lat' dir='ltr'><strong>qno</strong></span> 
     </span>
    </p>
   </div>
   <div class='ocr_carea' id='block_1_3' title="bbox 110 1414 1310 1508">
    <p class='ocr_par' dir='ltr' id='par_1_4' title="bbox 110 1414 1310 1508">
     <span class='ocr_line' id='line_1_11' title="bbox 110 1414 1310 1508; baseline 0 -23"><span class='ocrx_word' id='word_1_85' title='bbox 110 1414 290 1485; x_wconf 80' lang='lat' dir='ltr'><strong>meliorem</strong></span> <span class='ocrx_word' id='word_1_86' title='bbox 306 1416 392 1481; x_wconf 85' lang='lat' dir='ltr'><strong>hauc</strong></span> <span class='ocrx_word' id='word_1_87' title='bbox 407 1417 550 1482; x_wconf 81' lang='lat' dir='ltr'><strong>sormam</strong></span> <span class='ocrx_word' id='word_1_88' title='bbox 561 1414 762 1506; x_wconf 72' lang='lat' dir='ltr'><strong>qudicnrem,</strong></span> <span class='ocrx_word' id='word_1_89' title='bbox 777 1415 833 1481; x_wconf 86' lang='lat' dir='ltr'><strong>sed</strong></span> <span class='ocrx_word' id='word_1_90' title='bbox 842 1432 977 1504; x_wconf 81' lang='lat' dir='ltr'><strong>propter</strong></span> <span class='ocrx_word' id='word_1_91' title='bbox 987 1419 1187 1508; x_wconf 78' lang='lat' dir='ltr'><strong>optimorum</strong></span> <span class='ocrx_word' id='word_1_92' title='bbox 1263 1460 1269 1471; x_wconf 90' lang='lat'><strong>·</strong></span> <span class='ocrx_word' id='word_1_93' title='bbox 1308 1445 1310 1449; x_wconf 48' lang='lat'><strong>¹</strong></span> 
     </span>
    </p>
   </div>
   <div class='ocr_carea' id='block_1_4' title="bbox 105 1514 1264 4244">
    <p class='ocr_par' dir='ltr' id='par_1_5' title="bbox 105 1514 1257 2926">
     <span class='ocr_line' id='line_1_12' title="bbox 108 1514 1187 1610; baseline 0.004 -26"><span class='ocrx_word' id='word_1_94' title='bbox 108 1514 272 1595; x_wconf 80' lang='lat' dir='ltr'><strong>codicum</strong></span> <span class='ocrx_word' id='word_1_95' title='bbox 292 1517 532 1585; x_wconf 76' lang='lat' dir='ltr'><strong>auctoritatem.</strong></span> <span class='ocrx_word' id='word_1_96' title='bbox 586 1516 741 1584; x_wconf 83' lang='lat' dir='ltr'><strong>Ceterum</strong></span> <span class='ocrx_word' id='word_1_97' title='bbox 762 1530 899 1604; x_wconf 82' lang='lat' dir='ltr'><strong>utraque</strong></span> <span class='ocrx_word' id='word_1_98' title='bbox 920 1519 1030 1599; x_wconf 75' lang='lat' dir='ltr'><strong>forms</strong></span> <span class='ocrx_word' id='word_1_99' title='bbox 1049 1525 1187 1610; x_wconf 82' lang='lat' dir='ltr'><strong>perinde</strong></span> 
     </span>
     <span class='ocr_line' id='line_1_13' title="bbox 110 1616 1187 1708; baseline 0.004 -23"><span class='ocrx_word' id='word_1_100' title='bbox 110 1616 152 1685; x_wconf 86' lang='lat' dir='ltr'><strong>in</strong></span> <span class='ocrx_word' id='word_1_101' title='bbox 172 1641 237 1685; x_wconf 89' lang='lat' dir='ltr'><strong>usu</strong></span> <span class='ocrx_word' id='word_1_102' title='bbox 257 1618 322 1698; x_wconf 75' lang='lat' dir='ltr'><strong>luit</strong></span> <span class='ocrx_word' id='word_1_103' title='bbox 332 1665 342 1696; x_wconf 89' lang='lat'><em>,</em></span> <span class='ocrx_word' id='word_1_104' title='bbox 371 1634 404 1684; x_wconf 95' lang='lat' dir='ltr'><strong>et</strong></span> <span class='ocrx_word' id='word_1_105' title='bbox 423 1619 470 1703; x_wconf 29' lang='lat' dir='ltr'><strong>in,</strong></span> <span class='ocrx_word' id='word_1_106' title='bbox 488 1617 655 1708; x_wconf 78' lang='lat' dir='ltr'><strong>lapidibus</strong></span> <span class='ocrx_word' id='word_1_107' title='bbox 677 1641 805 1704; x_wconf 87' lang='lat' dir='ltr'><strong>quoque</strong></span> <span class='ocrx_word' id='word_1_108' title='bbox 827 1642 914 1695; x_wconf 85' lang='grc' dir='ltr'><strong>ιιιιιιο</strong></span> <span class='ocrx_word' id='word_1_109' title='bbox 930 1619 1117 1705; x_wconf 76' lang='grc' dir='ltr'><em>Ἀρχίδαμος</em></span> <span class='ocrx_word' id='word_1_110' title='bbox 1137 1627 1187 1691; x_wconf 90' lang='lat' dir='ltr'><strong>le-</strong></span> 
     </span>
     <span class='ocr_line' id='line_1_14' title="bbox 112 1717 1188 1809; baseline 0.005 -23"><span class='ocrx_word' id='word_1_111' title='bbox 112 1718 227 1807; x_wconf 80' lang='lat' dir='ltr'><strong>gitur,</strong></span> <span class='ocrx_word' id='word_1_112' title='bbox 248 1734 286 1809; x_wconf 83' lang='lat' dir='ltr'><strong>ut</strong></span> <span class='ocrx_word' id='word_1_113' title='bbox 307 1717 408 1809; x_wconf 76' lang='lat' dir='ltr'><strong>corp.</strong></span> <span class='ocrx_word' id='word_1_114' title='bbox 431 1720 537 1788; x_wconf 87' lang='lat' dir='ltr'><strong>Inscr.</strong></span> <span class='ocrx_word' id='word_1_115' title='bbox 559 1743 616 1787; x_wconf 84' lang='lat' dir='ltr'><strong>no.</strong></span> <span class='ocrx_word' id='word_1_116' title='bbox 641 1719 716 1787; x_wconf 87' lang='grc'><strong>199.</strong></span> <span class='ocrx_word' id='word_1_117' title='bbox 740 1742 772 1786; x_wconf 83' lang='lat' dir='ltr'><strong>a.</strong></span> <span class='ocrx_word' id='word_1_118' title='bbox 795 1720 849 1799; x_wconf 86' lang='lat'><strong>1-1,</strong></span> <span class='ocrx_word' id='word_1_119' title='bbox 872 1722 972 1789; x_wconf 91' lang='lat' dir='ltr'><strong>modo</strong></span> <span class='ocrx_word' id='word_1_120' title='bbox 998 1721 1188 1809; x_wconf 78' lang='grc' dir='ltr'><strong><em>Ἀρχίδαμος</em></strong></span> 
     </span>
     <span class='ocr_line' id='line_1_15' title="bbox 111 1818 1186 1907; baseline 0.004 -19"><span class='ocrx_word' id='word_1_121' title='bbox 111 1837 150 1888; x_wconf 87' lang='lat' dir='ltr'><strong>nt</strong></span> <span class='ocrx_word' id='word_1_122' title='bbox 170 1821 220 1889; x_wconf 85' lang='lat' dir='ltr'><strong>ib.</strong></span> <span class='ocrx_word' id='word_1_123' title='bbox 251 1845 307 1888; x_wconf 89' lang='grc' dir='ltr'><strong>ιιο.</strong></span> <span class='ocrx_word' id='word_1_124' title='bbox 330 1818 407 1905; x_wconf 86' lang='grc'><strong>456,</strong></span> <span class='ocrx_word' id='word_1_125' title='bbox 439 1821 498 1887; x_wconf 90' lang='lat' dir='ltr'><strong>ubi</strong></span> <span class='ocrx_word' id='word_1_126' title='bbox 529 1823 593 1886; x_wconf 89' lang='lat' dir='ltr'><strong>hoc</strong></span> <span class='ocrx_word' id='word_1_127' title='bbox 623 1844 750 1907; x_wconf 87' lang='lat' dir='ltr'><strong>quoquc</strong></span> <span class='ocrx_word' id='word_1_128' title='bbox 778 1823 1012 1905; x_wconf 77' lang='lat' dir='ltr'><strong>memorabile,</strong></span> <span class='ocrx_word' id='word_1_129' title='bbox 1047 1823 1186 1893; x_wconf 85' lang='lat' dir='ltr'><strong>eundem</strong></span> 
     </span>
     <span class='ocr_line' id='line_1_16' title="bbox 111 1921 1186 2012; baseline 0.001 -21"><span class='ocrx_word' id='word_1_130' title='bbox 111 1922 284 1991; x_wconf 84' lang='lat' dir='ltr'><strong>bominem</strong></span> <span class='ocrx_word' id='word_1_131' title='bbox 315 1922 503 2012; x_wconf 85' lang='lat' dir='ltr'><strong>promiscue</strong></span> <span class='ocrx_word' id='word_1_132' title='bbox 525 1921 717 2009; x_wconf 72' lang='grc' dir='ltr'><strong><em>Ἀρχίδαμον</em></strong></span> <span class='ocrx_word' id='word_1_133' title='bbox 739 1921 806 1987; x_wconf 90' lang='lat' dir='ltr'><strong>dici</strong></span> <span class='ocrx_word' id='word_1_134' title='bbox 837 1938 869 1988; x_wconf 92' lang='lat' dir='ltr'><strong>et</strong></span> <span class='ocrx_word' id='word_1_135' title='bbox 893 1922 1091 2010; x_wconf 70' lang='grc' dir='ltr'><strong><em>Ἀρχέδημον.</em></strong></span> <span class='ocrx_word' id='word_1_136' title='bbox 1136 1929 1186 1996; x_wconf 85' lang='lat' dir='ltr'><strong>Ita</strong></span> 
     </span>
     <span class='ocr_line' id='line_1_17' title="bbox 112 2016 1213 2116; baseline 0.004 -24"><span class='ocrx_word' id='word_1_137' title='bbox 112 2025 199 2115; x_wconf 85' lang='lat' dir='ltr'><strong>npnd</strong></span> <span class='ocrx_word' id='word_1_138' title='bbox 231 2021 432 2091; x_wconf 78' lang='lat' dir='ltr'><strong>Strabonem</strong></span> <span class='ocrx_word' id='word_1_139' title='bbox 461 2024 546 2091; x_wconf 93' lang='lat' dir='ltr'><strong>XIV</strong></span> <span class='ocrx_word' id='word_1_140' title='bbox 574 2023 695 2115; x_wconf 74' lang='grc' dir='ltr'><strong>ρ.,674</strong></span> <span class='ocrx_word' id='word_1_141' title='bbox 719 2023 909 2110; x_wconf 75' lang='grc' dir='ltr'><strong><em>Ἀρχέδαμος</em></strong></span> <span class='ocrx_word' id='word_1_142' title='bbox 934 2041 1093 2111; x_wconf 82' lang='lat' dir='ltr'><strong>vocatur,</strong></span> <span class='ocrx_word' id='word_1_143' title='bbox 1130 2016 1213 2116; x_wconf 53' lang='lat' dir='ltr'><strong>qui&#39;</strong></span> 
     </span>
     <span class='ocr_line' id='line_1_18' title="bbox 105 2124 1183 2217; baseline 0.004 -24"><span class='ocrx_word' id='word_1_144' title='bbox 105 2126 187 2205; x_wconf 59' lang='lat' dir='ltr'><strong>filiis</strong></span> <span class='ocrx_word' id='word_1_145' title='bbox 208 2127 278 2193; x_wconf 81' lang='lat' dir='ltr'><strong>fere</strong></span> <span class='ocrx_word' id='word_1_146' title='bbox 297 2124 484 2211; x_wconf 74' lang='grc' dir='ltr'><strong><em>Ἀρχέδημος</em></strong></span> <span class='ocrx_word' id='word_1_147' title='bbox 506 2142 563 2193; x_wconf 81' lang='lat' dir='ltr'><strong>aut</strong></span> <span class='ocrx_word' id='word_1_148' title='bbox 578 2125 764 2214; x_wconf 74' lang='grc' dir='ltr'><em>Ἀρχίδημος</em></span> <span class='ocrx_word' id='word_1_149' title='bbox 787 2141 847 2194; x_wconf 81' lang='lat' dir='ltr'><strong>est.</strong></span> <span class='ocrx_word' id='word_1_150' title='bbox 892 2126 972 2194; x_wconf 87' lang='lat' dir='ltr'><strong>Vid.</strong></span> <span class='ocrx_word' id='word_1_151' title='bbox 995 2128 1088 2217; x_wconf 83' lang='lat' dir='ltr'><strong>Lips.</strong></span> <span class='ocrx_word' id='word_1_152' title='bbox 1111 2155 1183 2198; x_wconf 83' lang='lat' dir='ltr'><strong>ma·</strong></span> 
     </span>
     <span class='ocr_line' id='line_1_19' title="bbox 107 2226 1186 2317; baseline 0.004 -22"><span class='ocrx_word' id='word_1_153' title='bbox 107 2228 248 2299; x_wconf 82' lang='lat' dir='ltr'><strong>nuduct.</strong></span> <span class='ocrx_word' id='word_1_154' title='bbox 272 2228 313 2292; x_wconf 84' lang='lat' dir='ltr'><strong>ad</strong></span> <span class='ocrx_word' id='word_1_155' title='bbox 332 2226 435 2295; x_wconf 85' lang='lat' dir='ltr'><strong>Stoic.</strong></span> <span class='ocrx_word' id='word_1_156' title='bbox 447 2229 572 2317; x_wconf 61' lang='lat' dir='ltr'><strong>philos·</strong></span> <span class='ocrx_word' id='word_1_157' title='bbox 588 2229 617 2312; x_wconf 91' lang='lat'><strong>1,</strong></span> <span class='ocrx_word' id='word_1_158' title='bbox 641 2230 694 2296; x_wconf 93' lang='grc'><strong>12.</strong></span> <span class='ocrx_word' id='word_1_159' title='bbox 732 2227 917 2313; x_wconf 80' lang='grc' dir='ltr'><strong><em>Ἀρχίδημος</em></strong></span> <span class='ocrx_word' id='word_1_160' title='bbox 938 2229 1024 2316; x_wconf 81' lang='lat' dir='ltr'><strong>apud</strong></span> <span class='ocrx_word' id='word_1_161' title='bbox 1043 2232 1186 2299; x_wconf 81' lang='lat' dir='ltr'><strong>Aeschi-</strong></span> 
     </span>
     <span class='ocr_line' id='line_1_20' title="bbox 109 2327 1257 2420; baseline 0.001 -21"><span class='ocrx_word' id='word_1_162' title='bbox 109 2354 189 2399; x_wconf 79' lang='lat' dir='ltr'><strong>nem</strong></span> <span class='ocrx_word' id='word_1_163' title='bbox 211 2328 249 2395; x_wconf 88' lang='lat' dir='ltr'><strong>in</strong></span> <span class='ocrx_word' id='word_1_164' title='bbox 271 2327 418 2418; x_wconf 81' lang='lat' dir='ltr'><strong>Ctesiph.</strong></span> <span class='ocrx_word' id='word_1_165' title='bbox 450 2355 487 2419; x_wconf 56' lang='lat' dir='ltr'><strong>p„</strong></span> <span class='ocrx_word' id='word_1_166' title='bbox 506 2330 570 2400; x_wconf 86' lang='grc'><strong>531</strong></span> <span class='ocrx_word' id='word_1_167' title='bbox 598 2332 769 2419; x_wconf 63' lang='lat' dir='ltr'><strong>legebatur</strong></span> <span class='ocrx_word' id='word_1_168' title='bbox 790 2346 864 2396; x_wconf 85' lang='lat' dir='ltr'><strong>ante</strong></span> <span class='ocrx_word' id='word_1_169' title='bbox 885 2329 1101 2415; x_wconf 77' lang='lat' dir='ltr'><strong>Belslserum,</strong></span> <span class='ocrx_word' id='word_1_170' title='bbox 1129 2335 1186 2420; x_wconf 88' lang='lat' dir='ltr'><strong>qui</strong></span> <span class='ocrx_word' id='word_1_171' title='bbox 1249 2336 1257 2351; x_wconf 83' lang='lat'><strong>&#39;&#39;</strong></span> 
     </span>
     <span class='ocr_line' id='line_1_21' title="bbox 106 2430 1183 2524; baseline 0.006 -27"><span class='ocrx_word' id='word_1_172' title='bbox 106 2430 296 2519; x_wconf 74' lang='grc' dir='ltr'><strong><em>Ἀρχίδημος</em></strong></span> <span class='ocrx_word' id='word_1_173' title='bbox 322 2432 485 2519; x_wconf 84' lang='lat' dir='ltr'><strong>reposuit,</strong></span> <span class='ocrx_word' id='word_1_174' title='bbox 516 2432 791 2518; x_wconf 79' lang='lat' dir='ltr'><strong>quemadmodum</strong></span> <span class='ocrx_word' id='word_1_175' title='bbox 820 2431 979 2497; x_wconf 81' lang='lat' dir='ltr'><strong>scribitur</strong></span> <span class='ocrx_word' id='word_1_176' title='bbox 1009 2432 1109 2499; x_wconf 81' lang='lat' dir='ltr'><strong>etiam</strong></span> <span class='ocrx_word' id='word_1_177' title='bbox 1130 2459 1183 2524; x_wconf 82' lang='lat' dir='ltr'><strong>cp.</strong></span> 
     </span>
     <span class='ocr_line' id='line_1_22' title="bbox 108 2529 1220 2624; baseline 0 -21"><span class='ocrx_word' id='word_1_178' title='bbox 108 2533 289 2621; x_wconf 58' lang='lat' dir='ltr'><strong>,Aristopb</strong></span> <span class='ocrx_word' id='word_1_179' title='bbox 311 2531 399 2602; x_wconf 82' lang='lat' dir='ltr'><strong>Rau.</strong></span> <span class='ocrx_word' id='word_1_180' title='bbox 427 2555 463 2600; x_wconf 87' lang='lat' dir='ltr'><strong>v.</strong></span> <span class='ocrx_word' id='word_1_181' title='bbox 485 2532 561 2598; x_wconf 91' lang='grc'><strong>420.</strong></span> <span class='ocrx_word' id='word_1_182' title='bbox 585 2535 740 2620; x_wconf 85' lang='lat' dir='ltr'><strong>Xenoph.</strong></span> <span class='ocrx_word' id='word_1_183' title='bbox 763 2531 856 2599; x_wconf 85' lang='lat' dir='ltr'><strong>Hell.</strong></span> <span class='ocrx_word' id='word_1_184' title='bbox 880 2529 909 2615; x_wconf 90' lang='lat' dir='ltr'><strong>I,</strong></span> <span class='ocrx_word' id='word_1_185' title='bbox 932 2535 965 2615; x_wconf 87' lang='grc'><strong>7,</strong></span> <span class='ocrx_word' id='word_1_186' title='bbox 988 2533 1020 2599; x_wconf 92' lang='grc'><strong>1.</strong></span> <span class='ocrx_word' id='word_1_187' title='bbox 1043 2532 1125 2624; x_wconf 86' lang='lat' dir='ltr'><strong>Lys.</strong></span> <span class='ocrx_word' id='word_1_188' title='bbox 1147 2537 1186 2603; x_wconf 91' lang='lat' dir='ltr'><strong>in</strong></span> <span class='ocrx_word' id='word_1_189' title='bbox 1214 2605 1220 2613; x_wconf 67' lang='grc'>,</span> 
     </span>
     <span class='ocr_line' id='line_1_23' title="bbox 108 2631 1185 2722; baseline -0.002 -17"><span class='ocrx_word' id='word_1_190' title='bbox 108 2633 227 2705; x_wconf 76' lang='lat' dir='ltr'><strong>Alcib.</strong></span> <span class='ocrx_word' id='word_1_191' title='bbox 261 2658 295 2722; x_wconf 77' lang='lat' dir='ltr'><strong>p.</strong></span> <span class='ocrx_word' id='word_1_192' title='bbox 317 2633 392 2701; x_wconf 88' lang='grc'><strong>536.</strong></span> <span class='ocrx_word' id='word_1_193' title='bbox 414 2632 590 2701; x_wconf 87' lang='lat' dir='ltr'><strong>Demostb.</strong></span> <span class='ocrx_word' id='word_1_194' title='bbox 620 2634 655 2700; x_wconf 88' lang='lat' dir='ltr'><strong>in</strong></span> <span class='ocrx_word' id='word_1_195' title='bbox 678 2631 793 2721; x_wconf 83' lang='lat' dir='ltr'><strong>Steph.</strong></span> <span class='ocrx_word' id='word_1_196' title='bbox 816 2632 834 2698; x_wconf 94' lang='lat' dir='ltr'>I</span> <span class='ocrx_word' id='word_1_197' title='bbox 861 2657 894 2720; x_wconf 88' lang='lat' dir='ltr'><strong>p.</strong></span> <span class='ocrx_word' id='word_1_198' title='bbox 918 2633 1014 2698; x_wconf 87' lang='grc'><strong>1123.</strong></span> <span class='ocrx_word' id='word_1_199' title='bbox 1036 2671 1080 2684; x_wconf 94' lang='grc'><strong>-</strong></span> <span class='ocrx_word' id='word_1_200' title='bbox 1109 2635 1185 2704; x_wconf 92' lang='lat' dir='ltr'><strong>Do·</strong></span> 
     </span>
     <span class='ocr_line' id='line_1_24' title="bbox 110 2732 1184 2815; baseline 0 -12"><span class='ocrx_word' id='word_1_201' title='bbox 110 2735 202 2815; x_wconf 77' lang='lat' dir='ltr'><strong>ricae</strong></span> <span class='ocrx_word' id='word_1_202' title='bbox 224 2752 334 2801; x_wconf 78' lang='lat' dir='ltr'><strong>sutem</strong></span> <span class='ocrx_word' id='word_1_203' title='bbox 354 2736 482 2803; x_wconf 85' lang='lat' dir='ltr'><strong>formae</strong></span> <span class='ocrx_word' id='word_1_204' title='bbox 504 2735 539 2800; x_wconf 92' lang='lat' dir='ltr'><strong>in</strong></span> <span class='ocrx_word' id='word_1_205' title='bbox 557 2734 745 2801; x_wconf 84' lang='lat' dir='ltr'><strong>Atticorum</strong></span> <span class='ocrx_word' id='word_1_206' title='bbox 767 2732 956 2811; x_wconf 78' lang='lat' dir='ltr'><strong>nominibus</strong></span> <span class='ocrx_word' id='word_1_207' title='bbox 979 2758 1047 2800; x_wconf 90' lang='lat' dir='ltr'><strong>nou</strong></span> <span class='ocrx_word' id='word_1_208' title='bbox 1068 2737 1184 2804; x_wconf 81' lang='lat' dir='ltr'><strong>admo·</strong></span> 
     </span>
     <span class='ocr_line' id='line_1_25' title="bbox 108 2832 1183 2926; baseline 0.001 -24"><span class='ocrx_word' id='word_1_209' title='bbox 108 2836 194 2921; x_wconf 74' lang='lat' dir='ltr'><strong>dum</strong></span> <span class='ocrx_word' id='word_1_210' title='bbox 216 2861 311 2903; x_wconf 81' lang='lat' dir='ltr'><strong>rarae</strong></span> <span class='ocrx_word' id='word_1_211' title='bbox 338 2852 425 2903; x_wconf 84' lang='lat' dir='ltr'><strong>sunt.</strong></span> <span class='ocrx_word' id='word_1_212' title='bbox 471 2834 523 2904; x_wconf 81' lang='lat' dir='ltr'><strong>cf.</strong></span> <span class='ocrx_word' id='word_1_213' title='bbox 548 2835 717 2904; x_wconf 84' lang='lat' dir='ltr'><strong>Schaefer.</strong></span> <span class='ocrx_word' id='word_1_214' title='bbox 740 2835 868 2924; x_wconf 80' lang='lat' dir='ltr'><strong>Appsr.</strong></span> <span class='ocrx_word' id='word_1_215' title='bbox 898 2834 973 2917; x_wconf 73' lang='lat' dir='ltr'><strong>crit,</strong></span> <span class='ocrx_word' id='word_1_216' title='bbox 997 2832 1029 2899; x_wconf 91' lang='lat' dir='ltr'>V</span> <span class='ocrx_word' id='word_1_217' title='bbox 1050 2861 1083 2926; x_wconf 88' lang='lat' dir='ltr'><strong>p.</strong></span> <span class='ocrx_word' id='word_1_218' title='bbox 1106 2837 1183 2907; x_wconf 90' lang='grc'><strong>451.</strong></span> 
     </span>
    </p>

    <p class='ocr_par' dir='ltr' id='par_1_6' title="bbox 105 2934 1264 3633">
     <span class='ocr_line' id='line_1_26' title="bbox 197 2934 1220 3026; baseline -0.003 -21"><span class='ocrx_word' id='word_1_219' title='bbox 197 2962 249 3006; x_wconf 83' lang='lat' dir='ltr'><strong>vs.</strong></span> <span class='ocrx_word' id='word_1_220' title='bbox 258 2939 310 3004; x_wconf 94' lang='grc'><strong>10.</strong></span> <span class='ocrx_word' id='word_1_221' title='bbox 333 2937 401 3002; x_wconf 70' lang='lat' dir='ltr'><strong>vids</strong></span> <span class='ocrx_word' id='word_1_222' title='bbox 418 2935 492 3002; x_wconf 80' lang='grc' dir='ltr'><strong><em>δ’ντα</em></strong></span> <span class='ocrx_word' id='word_1_223' title='bbox 509 2944 565 3021; x_wconf 79' lang='grc' dir='ltr'><strong>τῆς</strong></span> <span class='ocrx_word' id='word_1_224' title='bbox 582 2934 775 3022; x_wconf 78' lang='grc' dir='ltr'><strong><em>ὁμομητρίας</em></strong></span> <span class='ocrx_word' id='word_1_225' title='bbox 791 2935 887 3001; x_wconf 80' lang='grc' dir='ltr'><strong><em>αὐτοῦ</em></strong></span> <span class='ocrx_word' id='word_1_226' title='bbox 901 2935 1036 3023; x_wconf 77' lang='grc' dir='ltr'><strong><em>ἀδελφῆς</em></strong></span> <span class='ocrx_word' id='word_1_227' title='bbox 1051 2939 1103 3003; x_wconf 77' lang='grc' dir='ltr'><strong>καὶ</strong></span> <span class='ocrx_word' id='word_1_228' title='bbox 1115 2938 1185 3026; x_wconf 87' lang='grc' dir='ltr'><strong>Ἀρ-</strong></span> <span class='ocrx_word' id='word_1_229' title='bbox 1217 2942 1220 2949; x_wconf 83' lang='grc'><strong>’</strong></span> 
     </span>
     <span class='ocr_line' id='line_1_27' title="bbox 105 3034 1184 3135; baseline -0.002 -26"><span class='ocrx_word' id='word_1_230' title='bbox 105 3036 262 3127; x_wconf 71' lang='grc' dir='ltr'><strong>χιδάμοο.</strong></span> <span class='ocrx_word' id='word_1_231' title='bbox 302 3039 341 3106; x_wconf 87' lang='lat' dir='ltr'><strong>Si</strong></span> <span class='ocrx_word' id='word_1_232' title='bbox 358 3063 457 3106; x_wconf 86' lang='lat' dir='ltr'><strong>sanus</strong></span> <span class='ocrx_word' id='word_1_233' title='bbox 472 3054 519 3135; x_wconf 77' lang='lat' dir='ltr'><strong>est</strong></span> <span class='ocrx_word' id='word_1_234' title='bbox 534 3040 638 3118; x_wconf 89' lang='lat' dir='ltr'><strong>locus,</strong></span> <span class='ocrx_word' id='word_1_235' title='bbox 662 3039 785 3106; x_wconf 86' lang='lat' dir='ltr'><strong>erravit</strong></span> <span class='ocrx_word' id='word_1_236' title='bbox 801 3038 889 3113; x_wconf 79' lang='lat' dir='ltr'><strong>baud</strong></span> <span class='ocrx_word' id='word_1_237' title='bbox 903 3038 1002 3121; x_wconf 83' lang='lat' dir='ltr'><strong>dubie</strong></span> <span class='ocrx_word' id='word_1_238' title='bbox 1015 3034 1184 3124; x_wconf 78' lang='lat' dir='ltr'><strong>grdmma-</strong></span> 
     </span>
     <span class='ocr_line' id='line_1_28' title="bbox 110 3140 1256 3230; baseline 0.001 -20"><span class='ocrx_word' id='word_1_239' title='bbox 110 3142 210 3211; x_wconf 87' lang='lat' dir='ltr'><strong>ticns.</strong></span> <span class='ocrx_word' id='word_1_240' title='bbox 254 3141 342 3208; x_wconf 79' lang='lat' dir='ltr'><strong>Nam</strong></span> <span class='ocrx_word' id='word_1_241' title='bbox 362 3141 577 3224; x_wconf 68' lang='lat' dir='ltr'><strong>cognomines</strong></span> <span class='ocrx_word' id='word_1_242' title='bbox 597 3158 723 3230; x_wconf 85' lang='lat' dir='ltr'><strong>patrem</strong></span> <span class='ocrx_word' id='word_1_243' title='bbox 745 3140 866 3206; x_wconf 84' lang='lat' dir='ltr'><strong>actoris</strong></span> <span class='ocrx_word' id='word_1_244' title='bbox 888 3155 920 3206; x_wconf 88' lang='lat' dir='ltr'><strong>et</strong></span> <span class='ocrx_word' id='word_1_245' title='bbox 940 3164 1041 3208; x_wconf 83' lang='lat' dir='ltr'><strong>avum</strong></span> <span class='ocrx_word' id='word_1_246' title='bbox 1061 3158 1185 3223; x_wconf 76' lang='lat' dir='ltr'><strong>muter·</strong></span> <span class='ocrx_word' id='word_1_247' title='bbox 1253 3206 1256 3211; x_wconf 86' lang='lat'><em>.</em></span> 
     </span>
     <span class='ocr_line' id='line_1_29' title="bbox 109 3241 1184 3331; baseline 0 -20"><span class='ocrx_word' id='word_1_248' title='bbox 109 3267 196 3311; x_wconf 89' lang='grc' dir='ltr'><strong>ιιιιιιι</strong></span> <span class='ocrx_word' id='word_1_249' title='bbox 217 3243 318 3308; x_wconf 87' lang='lat' dir='ltr'><strong>fuisse</strong></span> <span class='ocrx_word' id='word_1_250' title='bbox 340 3265 445 3329; x_wconf 89' lang='lat' dir='ltr'><strong>neque</strong></span> <span class='ocrx_word' id='word_1_251' title='bbox 460 3244 504 3308; x_wconf 83' lang='lat' dir='ltr'><strong>ex</strong></span> <span class='ocrx_word' id='word_1_252' title='bbox 524 3241 759 3331; x_wconf 79' lang='lat' dir='ltr'><strong>ipseorstione</strong></span> <span class='ocrx_word' id='word_1_253' title='bbox 776 3242 901 3307; x_wconf 90' lang='lat' dir='ltr'><strong>discere</strong></span> <span class='ocrx_word' id='word_1_254' title='bbox 922 3241 1046 3331; x_wconf 84' lang='lat' dir='ltr'><strong>potuit,</strong></span> <span class='ocrx_word' id='word_1_255' title='bbox 1077 3268 1184 3331; x_wconf 86' lang='lat' dir='ltr'><strong>neque</strong></span> 
     </span>
     <span class='ocr_line' id='line_1_30' title="bbox 108 3334 1264 3432; baseline -0.003 -19"><span class='ocrx_word' id='word_1_256' title='bbox 108 3343 266 3428; x_wconf 69' lang='lat' dir='ltr'><strong>aliunde,</strong></span> <span class='ocrx_word' id='word_1_257' title='bbox 301 3343 440 3432; x_wconf 90' lang='lat' dir='ltr'><strong>opinor,</strong></span> <span class='ocrx_word' id='word_1_258' title='bbox 474 3358 678 3432; x_wconf 88' lang='lat' dir='ltr'><strong>compertum</strong></span> <span class='ocrx_word' id='word_1_259' title='bbox 706 3343 834 3417; x_wconf 71' lang='lat' dir='ltr'><strong>hebuit.</strong></span> <span class='ocrx_word' id='word_1_260' title='bbox 866 3340 947 3427; x_wconf 36' lang='lat' dir='ltr'><strong>,Sed</strong></span> <span class='ocrx_word' id='word_1_261' title='bbox 963 3344 1093 3423; x_wconf 45' lang='lat' dir='ltr'><strong>‚excidit</strong></span> <span class='ocrx_word' id='word_1_262' title='bbox 1112 3345 1184 3412; x_wconf 82' lang='lat' dir='ltr'><strong>for·</strong></span> <span class='ocrx_word' id='word_1_263' title='bbox 1260 3334 1264 3343; x_wconf 49' lang='lat'><strong><em>⁵</em></strong></span> 
     </span>
     <span class='ocr_line' id='line_1_31' title="bbox 106 3444 1184 3534; baseline -0.003 -21"><span class='ocrx_word' id='word_1_264' title='bbox 106 3462 200 3529; x_wconf 74' lang='lat' dir='ltr'><strong>tasse</strong></span> <span class='ocrx_word' id='word_1_265' title='bbox 214 3446 441 3530; x_wconf 74' lang='grc' dir='ltr'><strong>θιηατριδοῦν,</strong></span> <span class='ocrx_word' id='word_1_266' title='bbox 463 3467 663 3532; x_wconf 82' lang='lat' dir='ltr'><strong>quamquam</strong></span> <span class='ocrx_word' id='word_1_267' title='bbox 676 3445 796 3513; x_wconf 90' lang='lat' dir='ltr'><strong>melius</strong></span> <span class='ocrx_word' id='word_1_268' title='bbox 819 3468 898 3511; x_wconf 85' lang='lat' dir='ltr'><strong>sane</strong></span> <span class='ocrx_word' id='word_1_269' title='bbox 914 3444 1099 3534; x_wconf 78' lang='lat' dir='ltr'><strong>scripsisset</strong></span> <span class='ocrx_word' id='word_1_270' title='bbox 1111 3445 1184 3530; x_wconf 82' lang='grc' dir='ltr'><strong>Ἀρ-</strong></span> 
     </span>
     <span class='ocr_line' id='line_1_32' title="bbox 105 3541 553 3633; baseline -0.004 -20"><span class='ocrx_word' id='word_1_271' title='bbox 105 3541 249 3633; x_wconf 74' lang='grc' dir='ltr'><strong><em>χεδάμου</em></strong></span> <span class='ocrx_word' id='word_1_272' title='bbox 271 3548 291 3610; x_wconf 92' lang='grc' dir='ltr'><strong><em>δ</em></strong></span> <span class='ocrx_word' id='word_1_273' title='bbox 297 3546 311 3611; x_wconf 77' lang='grc' dir='ltr'><em>ἒ</em></span> <span class='ocrx_word' id='word_1_274' title='bbox 332 3548 553 3631; x_wconf 72' lang='grc' dir='ltr'><strong>θυγατριδοῦν.</strong></span> 
     </span>
    </p>

    <p class='ocr_par' dir='ltr' id='par_1_7' title="bbox 108 3643 1185 4244">
     <span class='ocr_line' id='line_1_33' title="bbox 197 3643 1184 3733; baseline -0.001 -18"><span class='ocrx_word' id='word_1_275' title='bbox 197 3671 248 3715; x_wconf 88' lang='lat' dir='ltr'><strong>vs.</strong></span> <span class='ocrx_word' id='word_1_276' title='bbox 257 3650 310 3714; x_wconf 89' lang='grc'><strong>12.</strong></span> <span class='ocrx_word' id='word_1_277' title='bbox 334 3652 376 3722; x_wconf 77' lang='grc' dir='ltr'><strong>εἷς</strong></span> <span class='ocrx_word' id='word_1_278' title='bbox 391 3643 630 3732; x_wconf 78' lang='grc' dir='ltr'><strong><em>τοδςγεννῆτας.</em></strong></span> <span class='ocrx_word' id='word_1_279' title='bbox 652 3646 750 3732; x_wconf 85' lang='lat' dir='ltr'><strong>Quod</strong></span> <span class='ocrx_word' id='word_1_280' title='bbox 761 3662 835 3713; x_wconf 82' lang='lat' dir='ltr'><strong>ante</strong></span> <span class='ocrx_word' id='word_1_281' title='bbox 844 3645 1039 3712; x_wconf 84' lang='lat' dir='ltr'><strong>Bekkerum</strong></span> <span class='ocrx_word' id='word_1_282' title='bbox 1049 3648 1184 3733; x_wconf 81' lang='lat' dir='ltr'><strong>legeba-</strong></span> 
     </span>
     <span class='ocr_line' id='line_1_34' title="bbox 108 3747 1183 3834; baseline -0.005 -15"><span class='ocrx_word' id='word_1_283' title='bbox 108 3766 169 3819; x_wconf 85' lang='lat' dir='ltr'><strong>tur</strong></span> <span class='ocrx_word' id='word_1_284' title='bbox 188 3747 332 3834; x_wconf 73' lang='grc' dir='ltr'><strong>γενηται,</strong></span> <span class='ocrx_word' id='word_1_285' title='bbox 359 3750 490 3818; x_wconf 83' lang='lat' dir='ltr'><strong>etiamsi</strong></span> <span class='ocrx_word' id='word_1_286' title='bbox 511 3749 639 3815; x_wconf 91' lang='lat' dir='ltr'><strong>codices</strong></span> <span class='ocrx_word' id='word_1_287' title='bbox 662 3773 776 3825; x_wconf 88' lang='lat' dir='ltr'><strong>omnes</strong></span> <span class='ocrx_word' id='word_1_288' title='bbox 799 3764 969 3830; x_wconf 83' lang='lat' dir='ltr'><strong>tueantur,</strong></span> <span class='ocrx_word' id='word_1_289' title='bbox 998 3771 1061 3832; x_wconf 82' lang='lat' dir='ltr'><strong>qus</strong></span> <span class='ocrx_word' id='word_1_290' title='bbox 1084 3751 1124 3813; x_wconf 91' lang='lat' dir='ltr'><strong>de</strong></span> <span class='ocrx_word' id='word_1_291' title='bbox 1146 3775 1183 3814; x_wconf 90' lang='lat' dir='ltr'><strong>re</strong></span> 
     </span>
     <span class='ocr_line' id='line_1_35' title="bbox 109 3846 1185 3941; baseline -0.004 -22"><span class='ocrx_word' id='word_1_292' title='bbox 109 3874 184 3919; x_wconf 87' lang='lat' dir='ltr'><strong>non</strong></span> <span class='ocrx_word' id='word_1_293' title='bbox 203 3866 351 3936; x_wconf 80' lang='lat' dir='ltr'><strong>constat,</strong></span> <span class='ocrx_word' id='word_1_294' title='bbox 373 3851 531 3920; x_wconf 83' lang='lat' dir='ltr'><strong>vitiosum</strong></span> <span class='ocrx_word' id='word_1_295' title='bbox 544 3866 654 3917; x_wconf 88' lang='lat' dir='ltr'><strong>tsmen</strong></span> <span class='ocrx_word' id='word_1_296' title='bbox 663 3849 786 3941; x_wconf 87' lang='lat' dir='ltr'><strong>judico.</strong></span> <span class='ocrx_word' id='word_1_297' title='bbox 829 3846 941 3936; x_wconf 89' lang='lat' dir='ltr'><strong>Neque</strong></span> <span class='ocrx_word' id='word_1_298' title='bbox 959 3850 1080 3915; x_wconf 81' lang='lat' dir='ltr'><strong>enims</strong></span> <span class='ocrx_word' id='word_1_299' title='bbox 1098 3851 1185 3934; x_wconf 75' lang='grc' dir='ltr'><strong><em>μένος</em></strong></span> 
     </span>
     <span class='ocr_line' id='line_1_36' title="bbox 109 3949 1184 4038; baseline -0.004 -17"><span class='ocrx_word' id='word_1_300' title='bbox 109 3953 314 4021; x_wconf 81' lang='lat' dir='ltr'><strong>vocabulum</strong></span> <span class='ocrx_word' id='word_1_301' title='bbox 336 3953 522 4021; x_wconf 80' lang='lat' dir='ltr'><strong>derivatum</strong></span> <span class='ocrx_word' id='word_1_302' title='bbox 544 3967 613 4031; x_wconf 88' lang='lat' dir='ltr'><strong>est,</strong></span> <span class='ocrx_word' id='word_1_303' title='bbox 642 3974 660 4017; x_wconf 80' lang='lat' dir='ltr'><strong>a</strong></span> <span class='ocrx_word' id='word_1_304' title='bbox 684 3974 748 4038; x_wconf 89' lang='lat' dir='ltr'><strong>quo</strong></span> <span class='ocrx_word' id='word_1_305' title='bbox 769 3949 890 4035; x_wconf 74' lang='grc' dir='ltr'><strong><em>μενέτης</em></strong></span> <span class='ocrx_word' id='word_1_306' title='bbox 909 3950 1037 4038; x_wconf 85' lang='lat' dir='ltr'><strong>potius,</strong></span> <span class='ocrx_word' id='word_1_307' title='bbox 1064 3969 1102 4017; x_wconf 89' lang='lat' dir='ltr'><strong>ut</strong></span> <span class='ocrx_word' id='word_1_308' title='bbox 1123 3976 1184 4034; x_wconf 86' lang='grc' dir='ltr'><strong>φο-</strong></span> 
     </span>
     <span class='ocr_line' id='line_1_37' title="bbox 108 4049 1183 4138; baseline 0 -18"><span class='ocrx_word' id='word_1_309' title='bbox 108 4052 225 4136; x_wconf 77' lang='grc' dir='ltr'><strong><em>λέτης,</em></strong></span> <span class='ocrx_word' id='word_1_310' title='bbox 265 4051 420 4138; x_wconf 83' lang='grc' dir='ltr'><strong><em>δημότης,</em></strong></span> <span class='ocrx_word' id='word_1_311' title='bbox 456 4055 642 4137; x_wconf 84' lang='lat' dir='ltr'><strong>formatur,</strong></span> <span class='ocrx_word' id='word_1_312' title='bbox 679 4051 735 4117; x_wconf 89' lang='lat' dir='ltr'><strong>sed</strong></span> <span class='ocrx_word' id='word_1_313' title='bbox 768 4075 788 4117; x_wconf 83' lang='lat' dir='ltr'><strong>a</strong></span> <span class='ocrx_word' id='word_1_314' title='bbox 815 4049 923 4135; x_wconf 73' lang='grc' dir='ltr'><strong>μέντοι,</strong></span> <span class='ocrx_word' id='word_1_315' title='bbox 961 4075 1025 4138; x_wconf 90' lang='lat' dir='ltr'><strong>qno</strong></span> <span class='ocrx_word' id='word_1_316' title='bbox 1046 4053 1183 4120; x_wconf 88' lang='lat' dir='ltr'><strong>nomine</strong></span> 
     </span>
     <span class='ocr_line' id='line_1_38' title="bbox 109 4150 1185 4244; baseline -0.001 -23"><span class='ocrx_word' id='word_1_317' title='bbox 109 4178 181 4221; x_wconf 90' lang='grc' dir='ltr'><strong>ιιοιι</strong></span> <span class='ocrx_word' id='word_1_318' title='bbox 203 4156 311 4221; x_wconf 89' lang='lat' dir='ltr'><strong>solnm</strong></span> <span class='ocrx_word' id='word_1_319' title='bbox 331 4170 446 4244; x_wconf 84' lang='lat' dir='ltr'><strong>poetae</strong></span> <span class='ocrx_word' id='word_1_320' title='bbox 467 4170 499 4221; x_wconf 87' lang='lat' dir='ltr'><strong>et</strong></span> <span class='ocrx_word' id='word_1_321' title='bbox 520 4152 648 4235; x_wconf 87' lang='lat' dir='ltr'><strong>Ionici,</strong></span> <span class='ocrx_word' id='word_1_322' title='bbox 683 4152 741 4219; x_wconf 90' lang='lat' dir='ltr'><strong>sed</strong></span> <span class='ocrx_word' id='word_1_323' title='bbox 762 4151 863 4219; x_wconf 86' lang='lat' dir='ltr'><strong>etiam</strong></span> <span class='ocrx_word' id='word_1_324' title='bbox 882 4150 989 4219; x_wconf 84' lang='lat' dir='ltr'><strong>Attici</strong></span> <span class='ocrx_word' id='word_1_325' title='bbox 1008 4153 1185 4241; x_wconf 85' lang='lat' dir='ltr'><strong>scriptores</strong></span> 
     </span>
    </p>
   </div>
   <div class='ocr_carea' id='block_1_5' title="bbox 109 4250 1183 4421">
    <p class='ocr_par' dir='ltr' id='par_1_8' title="bbox 109 4250 1183 4421">
     <span class='ocr_line' id='line_1_39' title="bbox 109 4250 1183 4343; baseline -0.006 -16"><span class='ocrx_word' id='word_1_326' title='bbox 109 4254 168 4327; x_wconf 81' lang='lat' dir='ltr'><strong>usi</strong></span> <span class='ocrx_word' id='word_1_327' title='bbox 187 4270 282 4342; x_wconf 84' lang='lat' dir='ltr'><strong>sunt,</strong></span> <span class='ocrx_word' id='word_1_328' title='bbox 308 4255 489 4343; x_wconf 80' lang='lat' dir='ltr'><strong>intorques</strong></span> <span class='ocrx_word' id='word_1_329' title='bbox 509 4251 622 4335; x_wconf 77' lang='lat' dir='ltr'><strong>leneus</strong></span> <span class='ocrx_word' id='word_1_330' title='bbox 643 4268 773 4334; x_wconf 83' lang='lat' dir='ltr'><strong>noster,</strong></span> <span class='ocrx_word' id='word_1_331' title='bbox 805 4266 887 4333; x_wconf 78' lang='lat' dir='ltr'><strong>teste</strong></span> <span class='ocrx_word' id='word_1_332' title='bbox 905 4252 1043 4321; x_wconf 85' lang='lat' dir='ltr'><strong>Polluce</strong></span> <span class='ocrx_word' id='word_1_333' title='bbox 1063 4250 1129 4341; x_wconf 89' lang='lat' dir='ltr'>III,</span> <span class='ocrx_word' id='word_1_334' title='bbox 1150 4255 1183 4321; x_wconf 88' lang='grc' dir='ltr'><strong>θ.</strong></span> 
     </span>
     <span class='ocr_line' id='line_1_40' title="bbox 898 4356 979 4421; baseline 0 -27"><span class='ocrx_word' id='word_1_335' title='bbox 898 4356 942 4421; x_wconf 72' lang='lat'><strong>23</strong></span> <span class='ocrx_word' id='word_1_336' title='bbox 962 4360 979 4394; x_wconf 74' lang='lat' dir='ltr'><strong>s</strong></span> 
     </span>
    </p>
   </div>
   <div class='ocr_carea' id='block_1_6' title="bbox 0 0 1321 4800">
    <p class='ocr_par' dir='ltr' id='par_1_9' title="bbox 0 0 1321 4800">
     <span class='ocr_line' id='line_1_41' title="bbox 0 0 1321 4800; baseline 0 0"><span class='ocrx_word' id='word_1_337' title='bbox 0 0 1321 4800; x_wconf 95' lang='lat' dir='ltr'><strong> </strong></span> 
     </span>
    </p>
   </div>
  </div>
 </body>
</html>
