2632 4800
43 814 56 869 l

124 253 191 321 aas
374 280 417 325 .·
492 243 543 317 ns
562 241 846 345 onsuonan

128 419 196 489 cio.
252 415 338 486 Nem
359 438 529 485 nonnata
554 428 684 485 vetem
705 428 855 482 oratores
872 408 994 481 iisdem
1015 411 1124 501 locis,
1153 428 1213 483 ant

128 522 224 589 nulls
246 533 303 586 aut
323 517 446 605 exigua
463 518 646 609 venborum
664 514 867 594 mutatione,
895 514 934 581 in
946 515 1113 602 ¹pluribus
1133 540 1212 583 oca·

128 620 278 689 tionibus
306 643 384 688 usos
415 642 486 686 esse
506 618 581 706 quis
601 617 729 705 estqui
749 617 907 704 ignorati
936 610 1036 684 (loni.
1058 616 1210 712 Dionys.

128 722 172 797 ¹de
192 721 276 814 lays.¹
298 721 370 811 jud.
392 745 426 809 p.
448 720 512 789 491
535 734 567 787 et
587 717 706 786 Reisk.
730 720 776 787 0.
800 718 841 786 G.
862 716 915 784 Vl
935 742 969 808 p.
992 717 1069 801 195.
1173 752 1176 759 ·

215 823 253 912 ᾖ.
274 823 330 889 29.
361 827 424 887 τῶν
444 822 501 905 μὲν
522 825 664 885 παλαιῶν
689 815 786 902 ἀκοὴν
805 815 1051 904 μαρτυρούντων
1073 816 1212 907 ααρεχό·

130 947 232 1012 μενος;
282 916 396 1008 (dnum
423 938 578 1010 sequatur
607 926 670 987 τῶν
699 920 731 986 d’
760 919 805 986 ἔτι
824 916 947 999 ζώντων
966 921 1046 989 huic
1066 928 1133 988 τῶν
1154 923 1211 1008 μὲν

131 1030 271 1096 παλαιῶν
298 1023 500 1114 oppositum
532 1025 597 1090 hoc
617 1034 746 1111 qnoque
767 1024 809 1089 de
829 1021 1040 1104 hominibus,
1076 1046 1149 1093 non
1170 1023 1212 1092 de

131 1131 232 1197 rebus
259 1126 488 1213 accipiendum
512 1124 623 1195 videri
648 1125 763 1215 possit.
816 1125 864 1191 At
884 1123 947 1193 vix
972 1148 1034 1213 ego
1060 1126 1212 1193 arbiror

132 1227 288 1304 παλαιοὺς
316 1225 384 1294 dici
411 1250 506 1317 posse
536 1226 707 1313 homines,
745 1225 803 1315 qni
830 1241 900 1292 tam
927 1226 1022 1295 brevi
1051 1242 1130 1295 ante
1152 1251 1212 1295 nos

132 1348 281 1422 tempore
309 1328 487 1410 vixerunt,
516 1344 651 1417 patrum
670 1342 863 1399 nostrornm
883 1331 1048 1415 aequales.
1091 1326 1211 1417 Itaque

133 1433 297 1499 derebus
328 1429 475 1519 accipere
496 1431 634 1516 malim,
667 1445 705 1497 ut
731 1430 897 1520 genitivus
917 1429 961 1497 sit
982 1428 1122 1522 objecti,
1151 1454 1213 1520 pro

59 1546 65 1563 ¹
133 1536 203 1632 περὶ
228 1538 292 1599 τῶν
320 1534 475 1611 παλαιῶν,
508 1542 541 1601 et
561 1531 725 1623 oppositio
746 1532 790 1600 sit
809 1534 938 1599 formae
957 1533 1067 1621 potius
1087 1532 1214 1601 verbo·

67 1678 72 1705 t
133 1660 212 1702 rum
239 1657 337 1722 quam
364 1632 631 1721 significationis.
679 1634 790 1722 Atque
818 1634 901 1700 haec
920 1633 1055 1701 Reiskii
1080 1658 1214 1723 quoquo

84 1766 89 1775 ·
135 1734 297 1805 sententia
323 1750 382 1804 est.
427 1734 480 1801 De
511 1735 608 1820 ἀκοὴν
628 1733 870 1822 μαρτυρούντων
894 1724 966 1805 vid.
989 1736 1030 1803 sd
1054 1742 1088 1817 ί.
1112 1739 1148 1805 θ.
1169 1773 1215 1788 -

38 1866 41 1883 ·
134 1838 256 1907 Paullo
276 1837 365 1903 inira
385 1835 571 1915 τούτους-
588 1834 779 1926 πεφευγότας
792 1837 951 1906 Reiskins
968 1838 1115 1928 pendere
1136 1863 1216 1905 cens

17 2010 19 2016 ,
136 1956 185 2007 set
207 1962 227 2005 a
247 1940 351 2006 verbo
379 1937 607 2024 παρεχόμενος,
638 1939 817 2007 autetiam
849 1939 1080 2029 epraemissis
1102 1939 1217 2007 ἐπιδει-

137 2037 211 2116 κνός
237 2041 458 2131 supplendnm
485 2065 567 2110 esse.
610 2042 659 2111 At
685 2042 750 2111 hoc
771 2041 903 2129 quidem
924 2041 1025 2108 ninds
1046 2058 1216 2111 remotum

137 2157 187 2210 est
214 2166 319 2230 neque
347 2143 388 2209 ad
417 2142 516 2235 hujus
542 2142 686 2211 membri
711 2143 990 2211 constructionem
1021 2145 1094 2210 ullo
1112 2144 1216 2213 ¹inodo

137 2243 303 2335 pertinere
315 2259 437 2335 potest3
468 2268 487 2311 a
502 2241 712 2331 παρεχόμενος
731 2259 843 2313 autem
858 2245 915 2333 illi
932 2245 1114 2315 accusativi
1134 2270 1216 2336 pen·

139 2347 218 2412 dere
239 2369 308 2412 non
323 2356 478 2436 possunt,
507 2347 574 2413 nisi
596 2347 779 2434 zeugmatis
799 2351 908 2434 figura
928 2362 1097 2415 oratorem
1117 2370 1215 2415 nsnm

139 2471 210 2517 esse
231 2461 372 2534 statuas,
401 2463 438 2513 ut
459 2446 700 2535 οπορεχόμενος
714 2449 983 2538 subintelligatur
996 2440 1084 2517 illud
1106 2449 1215 2541 ipsum

1 2612 4 2622 ‚
116 2568 120 2574 ·
140 2546 305 2626 ἐπιδεικνύς
326 2568 383 2616 aut
398 2551 463 2617 tale
479 2551 570 2638 quid.
614 2547 681 2618 Sed
699 2551 788 2617 nihil
802 2553 986 2639 obstatquo
1006 2551 1121 2620 minus
1133 2553 1215 2621 hoec

140 2676 268 2741 qnoque
289 2653 392 2718 verba
413 2652 577 2741 pendeant
597 2675 617 2719 a
638 2653 795 2740 proximo
817 2651 1000 2741 συνῄδεσαν.

226 2753 263 2843 ξ.
285 2756 338 2819 30.
360 2752 450 2819 Hinc
470 2753 540 2844 jam
561 2755 701 2824 alteram
721 2755 927 2846 probationis
948 2769 1077 2845 partem
1097 2778 1214 2845 aggre-

140 2855 249 2940 ditur,
280 2869 317 2920 ut
332 2877 430 2921 suum
451 2853 522 2946 jus,
548 2869 661 2944 utpote
683 2857 811 2948 nepotis
833 2882 878 2925 ex
895 2857 985 2942 filia,
1013 2857 1124 2947 potius
1147 2879 1214 2924 essa

141 2958 362 3040 demonstret,
399 2981 498 3043 quam
525 2957 730 3044 adversarii,
761 2959 875 3027 fratris
902 2959 978 3027 lilii.
1036 2958 1215 3048 Propius-es

139 3057 231 3124 enim
262 3081 332 3124 esse
363 3057 436 3134 τοὺς
464 3056 608 3143 ’σκγόνους
638 3084 738 3148 quam
766 3060 841 3138 νοός
872 3068 1040 3146 συγγενεῖς,
1081 3060 1157 3136 τοὺς
1184 3060 1216 3137 ἔξ

145 3158 260 3222 ἐκείνου
281 3155 444 3245 γεγονότας
457 3185 557 3247 quam
578 3161 652 3237 τοὺς
672 3162 742 3245 μετ’
755 3162 870 3230 ἐκείνου
891 3159 1022 3250 φόντας,
1046 3163 1136 3249 quod
1157 3185 1215 3229 nos

141 3258 304 3343 dicimus,
335 3261 554 3328 descendentes
579 3264 751 3353 propiores
782 3289 974 3353 essequam
1004 3266 1214 3331 collaterales.

141 3359 240 3436 Gonf.
270 3361 419 3429 Bunsen.
453 3365 494 3430 de
520 3364 550 3435 I.
581 3366 654 3434 her.
668 3390 762 3454 neg.
784 3371 806 3434 7
826 3391 877 3454 sq.
922 3364 1043 3441 Ἆαλῶς
1067 3364 1216 3452 φανερόν,

139 3462 173 3527 in
193 3462 367 3529 ααὶυνννναε
386 3465 464 3529 satie
480 3467 698 3552 perspicuum,
719 3468 776 3536 sed
792 3468 878 3555 qnod
898 3483 1012 3534 tamen
1033 3468 1217 3536 accuratius

140 3563 334 3652 singulatim
348 3565 643 3634 demonstrandum
660 3568 722 3655 sit,
747 3570 782 3635 id
805 3571 891 3656 quod
906 3594 941 3637 se
957 3571 1127 3635 facturum
1146 3571 1218 3659 pol·

139 3665 279 3733 licetur:
308 3664 523 3754 ἀκριβέστερον
544 3667 717 3753 όνόόξαμεν.
759 3668 904 3737 Fallitur
918 3671 1029 3758 itaque
1041 3670 1219 3756 Reiskins,

142 3789 244 3851 qnum
266 3768 504 3854 corrigendum
519 3786 612 3861 putat
632 3774 684 3836 καὶ
705 3777 799 3837 πᾶσιν
820 3769 910 3856 ὑμῖν,
936 3789 975 3839 ut
995 3768 1101 3849 ἅπλῶς
1113 3773 1220 3862 signi·

141 3869 216 3932 ficet
233 3892 377 3953 prorsus,
409 3873 475 3936 sine
504 3876 710 3960 exceptione,
743 3875 808 3940 καῖ
823 3889 932 3941 autem
954 3888 1029 3940 ante
1050 3879 1147 3940 πᾶσιν
1167 3874 1219 3940 in·

142 3969 311 4038 tensivum
328 3968 383 4039 sit.
426 3972 513 4053 Nam
526 3975 626 4062 alias,
649 3975 716 4061 ait,
739 3976 863 4043 omisso
882 3980 991 4061 πᾶσιν,
1012 3976 1099 4042 illud
1115 3974 1221 4051 ἅπλῶς

142 4067 178 4136 vi
206 4084 332 4137 careret
359 4074 522 4162 planeque
549 4100 831 4167 supervacaneum
860 4091 956 4144 esset.
999 4076 1054 4143 De
1075 4077 1221 4161 {ormnls

142 4172 208 4246 πῶς
232 4167 312 4258 γόρς
345 4176 496 4244 omnium
527 4177 800 4268 frequentissima
820 4178 893 4249 vid.
914 4176 1149 4248 Hemsterhus.'
1178 4176 1220 4247 etl
