2632 4800
289 276 354 345 DE
374 276 685 346 APOLLODORI
706 277 1025 352 HEREDITATE.
1126 286 1190 354 357
1211 310 1214 317 ¹

113 469 151 535 p.
164 443 231 513 524
250 446 373 533 aliique
385 470 465 534 quus
479 446 593 515 citavit
608 446 760 514 Voemel.
774 448 815 514 ad
828 448 1006 518 Demosth.
1027 477 1061 542 p.
1078 450 1132 521 68.
1143 490 1186 504 ·-

79 614 82 623 ,
114 546 173 615 Ad
202 547 421 631 σημηνάμενος
450 550 557 638 suppl.
591 545 671 613 αύτύ
702 550 738 617 1ι.
769 549 872 635 aad
902 551 1084 637 γράμματα.
1125 551 1189 620 Est·
1265 590 1268 594 ·

113 662 229 737 eptem
256 650 466 733 appendendus
495 650 521 718 i.
554 674 587 738 q.
616 644 858 737 σφραγίζεσθαι,
894 668 931 719 ut
959 653 1053 721 docet
1084 644 1184 721 etiam
1264 680 1292 689 ··

113 746 336 840 Harpocratio
358 776 393 818 ν.
417 751 651 840 σεοημασμύνηι.
696 751 749 818 Gi.
771 752 947 821 Demosth.
970 768 1031 821 etr.
1046 755 1181 844 Aphob.

113 850 152 919 ll
178 877 213 942 p.
236 852 312 935 837,
340 853 382 920 18
410 868 442 919 et
468 857 522 920 21.
552 854 628 921 adv.
659 852 800 942 Apatnn.
827 850 863 942 p.
886 853 963 940 904,
988 855 1023 923 5.
1052 858 1180 943 Osann.
1267 862 1295 931 ,’

114 948 250 1043 Syllog.
272 948 430 1044 Ius'cript.
452 981 485 1045 p.
510 957 585 1023 101.
606 994 650 1006 -
677 955 729 1022 De
751 955 980 1044 obsignatione
1002 971 1112 1024 autem
1134 975 1183 1024 te·
1209 1030 1213 1041 ¹
1248 1036 1252 1051 Ι

111 1054 354 1122 stamentorunl
367 1059 472 1123 multa
491 1056 671 1145 disputavit
681 1057 1039 1133 HeraldusAuimadv.
1060 1085 1093 1148 p.
1106 1060 1181 1127 103.
1281 1122 1284 1129 .

113 1156 171 1227 cf.
192 1155 339 1224 Bunsen.
362 1183 394 1247 p.
417 1159 472 1225 66.
515 1157 568 1224 De
591 1158 796 1249 depositione
816 1159 981 1247 viduet.
1004 1159 1044 1224 ad
1068 1183 1118 1228 ur.
1142 1161 1183 1229 de

80 1250 83 1259 '
111 1257 233 1328 Gleou.
257 1259 371 1326 hored.
394 1259 431 1347 ᾗ.
455 1258 508 1325 14.
916 1248 919 1251 ’

171 1360 237 1448 ·'.§
259 1363 293 1428 2.
316 1358 332 1425 ὃ
356 1361 387 1424 δ’
410 1362 441 1425 ἐν
463 1358 630 1445 διαθήκαις
650 1360 725 1428 scil.
748 1358 954 1446 ποιησάμενύς
973 1387 1042 1427 τινα
1048 1411 1059 1443 ,
1088 1364 1181 1430 etad
1235 1432 1237 1437 ,

109 1458 331 1547 σημηνάμενος
351 1463 460 1552 suppl.
484 1458 591 1538 αύιύς.
697 1461 700 1465 ’

140 1634 144 1641 ,
200 1561 290 1631 ούδὲν
305 1561 462 1650 προύργου
473 1569 564 1631 τούτο
585 1560 672 1630 εἶναι.
715 1562 762 1631 Η.
777 1589 807 1629 e.
820 1561 981 1638 ..tadum
1002 1563 1063 1630 ὅσα
1084 1589 1183 1650 προσ-

105 1664 180 1753 ἥιιει
199 1661 295 1731 αύτύν
316 1690 386 1730 τινα
407 1671 544 1749 ποιῆσαι.
586 1665 636 1731 Ita
652 1666 820 1731 neminem
839 1668 982 1742 offendet
1002 1667 1182 1753 singularis
1274 1666 1277 1671 ’

105 1773 207 1835 τοῦτο
216 1816 227 1849 ,
258 1791 319 1856 pro
341 1792 404 1854 quo
424 1766 581 1835 Reiskius
602 1773 703 1833 ταῦτα
725 1769 868 1833 malebat
888 1783 1022 1857 propter
1043 1775 1183 1855 sequens

108 1869 227 1937 αῧτῶν.
248 1907 299 1919 -κ
352 1868 407 1934 De
434 1893 470 1936 v.
502 1867 657 1956 προύργου
687 1870 774 1936 conf.
809 1866 938 1971 Spqhn.
971 1871 1012 1936 ad
1043 1869 1180 1938 Isocrat.

106 1970 284 2062 Panegyn.
306 1993 340 2058 p.
365 1973 418 2038 18.
1297 1964 1300 1969 ’

200 2072 237 2160 5.
259 2068 307 2140 3!
322 2077 441 2155 μᾶλλον
474 2071 718 2156 ἀποδεχομένους
744 2071 802 2148 τὰς
831 2074 1069 2159 διαμαρτυρίας.
1112 2073 1181 2139 lm·

107 2174 289 2266 probutum
308 2176 409 2263 vulgo
431 2175 551 2260 fuisse,
579 2176 609 2243 si
630 2176 703 2263 quis
724 2176 932 2263 διαμαρτυρία
953 2175 1061 2264 potius
1083 2198 1182 2261 quam

111 2275 276 2364 εὐθυδικίᾳ
305 2291 470 2359 uteretur,
503 2278 621 2344 docent
648 2301 731 2363 quae
763 2277 866 2344 citavi
887 2279 928 2342 de
950 2277 1023 2343 ord.
1052 2275 1122 2368 jud.
1145 2301 1180 2364 p.

110 2378 189 2445 650.
232 2377 287 2444 De
318 2379 529 2464 διαμαρτυρίᾳ
559 2394 669 2444 autem
697 2379 745 2443 ab*
761 2378 925 2466 adoptivis
947 2401 1076 2464 quoque
1101 2377 1181 2444 filiis
1220 2462 1224 2467 Ι
1254 2416 1259 2433 =

110 2479 354 2568 interponenda
374 2479 444 2546 vid.
468 2501 617 2566 prooem.
641 2503 691 2545 ur.
715 2478 755 2543 de
776 2479 917 2545 lleuecl.
940 2478 1053 2544 hesed.

198 2580 236 2645 ού
257 2576 411 2666 διαφεύγει
426 2577 466 2645 ‘cd
487 2581 592 2643 δίκαια
613 2579 657 2663 μὴ
680 2576 772 2643 ού-
787 2576 1022 2664 γιγνώσκεσθαι.
1066 2575 1181 2646 Simili
1215 2606 1218 2612 ·
1261 2634 1264 2639 .

110 2696 281 2751 stmetura
293 2682 389 2749 Plato
402 2680 548 2775 Phaedr.
570 2707 603 2771 p.
617 2683 692 2747 277.
714 2680 760 2747 Es
797 2679 832 2745 τὸ
855 2679 914 2765 γὰρ
936 2678 1054 2765 ἀγνοεῖν
1069 2718 1112 2732 -
1124 2679 1181 2747 οὐκ

110 2781 249 2868 ἐκφεύγει
269 2789 311 2869 τῇ
330 2781 463 2870 δληθεύη
494 2782 537 2865 μὴ
560 2774 846 2853 οὖν’ἐιιονείδιστον,
862 2776 949 2849 εἶναι.
994 2778 1048 2847 (il.
1073 2780 1178 2850 Wex.

109 2884 156 2959 ad
177 2882 283 2974 Soph.
303 2884 421 2970 Autig.
444 2912 477 2975 p.
502 2883 576 2952 142.
1238 2882 1251 2889 ”

198 2987 250 3050 καλ
271 2986 349 3070 παρ’
377 2983 450 3066 ὑμῖν
479 2984 584 3060 αι’·τοῖς
603 2983 669 3070 ἥκοι
690 2980 914 3067 διαλεξόμενος.
963 2983 1008 3052 Η.
1031 3007 1061 3050 e.
1085 2985 1180 3049 etiam

109 3087 201 3174 apud
218 3111 271 3153 nus
281 3088 425 3173 jndices,
446 3111 508 3151 αοιι
527 3090 624 3152 sulum
645 3087 733 3173 npud
751 3088 944 3152 ανολοιιδιιιι.
988 3085 1074 3153 Nam
1093 3086 1180 3175 apud

109 3189 202 3257 hunc
229 3213 356 3275 quoque
386 3188 419 3253 ἓν
450 3193 489 3274 τῇ
518 3186 675 3275 ἀνακρίσει
695 3187 769 3256 fieri
789 3212 858 3253 nun
878 3188 1003 3276 potuit,
1036 3186 1116 3275 quin
1139 3188 1180 3270 de

109 3289 185 3383 jure
206 3314 266 3357 sue
287 3291 392 3356 inulta
406 3291 625 3377 disceptarent
643 3288 822 3376 litigantes.
866 3288 993 3373 Quodsi
1009 3289 1181 3380 Thrasyl-

108 3392 165 3459 lus
186 3392 394 3481 διαμαρτυρία
413 3391 607 3481 interposita
629 3390 789 3480 judicium
812 3389 1026 3469 declinasset,
1060 3389 1117 3454 ούιι
1139 3389 1179 3454 δν

109 3490 192 3576 παρ’
224 3493 329 3567 αὐτοῖς
357 3502 422 3568 τοῖς
448 3495 625 3569 δικασταῖς,
656 3490 733 3556 ἀλλὰ
755 3489 852 3573 μόνον
873 3491 959 3579 παρὰ
982 3496 1028 3578 τῷ
1050 3490 1178 3573 ἄρχοντι

91 3582 180 3678 ’περὶ
199 3599 262 3658 τῶν
284 3593 381 3660 αὑτοῦ
403 3596 529 3660 δικαίων
551 3593 706 3677 διελέχθη.
748 3593 824 3660 Νοιι
845 3582 917 3660 erat
937 3592 1062 3680 igitur,
1091 3592 1177 3679 quud
1278 3625 1283 3637 =

107 3692 269 3763 Reislsius
290 3695 384 3772 αὐτὸς
403 3698 518 3763 mallet
538 3720 600 3786 pro
621 3694 738 3769 αύτοῖς.

197 3797 306 3861 δοῦναι
334 3799 423 3880 δίκην
452 3794 611 3880 τοιαύτην.
664 3795 711 3862 Η.
740 3819 771 3862 e.
798 3796 865 3858 tale
883 3793 1043 3878 judicium
1062 3796 1176 3863 edire.

107 3894 186 3964 Ηοο
207 3898 296 3964 enim
317 3922 415 3966 sensu
436 3899 523 3982 δίνην
546 3901 655 3963 δοῦναι
671 3895 861 3983 saepissime
875 3893 942 3960 dici
960 3919 1059 3962 nemo
1080 3896 1178 3982 igno·

107 4012 175 4065 rat.
218 3998 278 4065 Est
304 3999 394 4064 enim
425 4001 558 4089 proprie
583 4011 769 4085 potestatem
797 3996 893 4060 alteri
921 3996 1000 4061 dure
1017 3997 1103 4082 juris
1130 4001 1181 4062 sui

107 4123 189 4183 erga
209 4124 257 4164 me
277 4101 482 4186 expendendi,
512 4101 599 4165 unde
621 4114 653 4167 et
674 4099 760 4180 δίκην
781 4097 928 4179 δέχεσθαι
949 4122 985 4165 v.
1009 4093 1179 4180 λαμβάνειν

110 4201 251 4269 oblatam
283 4201 325 4267 ab
355 4205 455 4268 altero
483 4205 566 4268 Ιιαιισ
584 4212 771 4287 potestatem
792 4199 957 4287 accipere,
985 4223 1086 4287 quare
1107 4224 1180 4267 sae·
