2632 4800
115 232 184 297 032
467 225 516 293 lu
537 223 822 294 ORATIONEM

117 396 311 481 dimidiam,
337 391 524 460 Androcles
544 392 688 483 petierit.
730 390 818 459 Nam
839 390 925 479 quod
940 392 1108 462 Heraldns
1129 394 1192 477 ait,

116 499 299 567 Animadv.
322 496 358 561 in
373 492 516 561 Salmas.
538 520 572 583 p.
593 496 669 578 251,
692 494 835 582 quinque
856 494 957 561 fuisse
974 494 1193 563 Euctemonis

116 600 224 682 lilias,
257 622 301 664 ex
327 597 445 684 quibus
476 620 579 661 unam
609 596 801 684 innuptam,
840 593 1008 661 Chaereae
1036 595 1192 681 viduam,

115 702 181 767 hoc
209 701 341 786 quidem
369 697 543 764 manifesto
570 699 693 762 falsum
722 712 778 763 est.
833 695 927 763 Duas
955 696 1047 762 enim
1083 697 1191 765 fnisse

90 816 230 873 ,orator
256 800 378 866 diserte
415 813 552 864 testatur
589 803 623 877 ἦ.
654 799 708 862 10.
761 795 913 865 Jonesius
944 814 1055 865 autem
1084 823 1191 886 quum

115 917 204 969 recte
233 900 538 978 animadvertisset,
576 898 656 964 filiis
684 898 897 965 Euctemonis
928 899 1081 967 omnihus
1111 915 1189 967 ante

115 1020 243 1093 patrem
264 1000 423 1082 mortuis,
456 1025 523 1067 non
545 999 690 1088 potuisse
712 1000 927 1066 hereditatem
947 1025 1015 1067 non
1036 1002 1079 1066 ad
1099 1001 1189 1068 liliao

116 1127 295 1191 carumque
329 1103 454 1167 liberos
490 1100 671 1189 pertinere,
684 1104 714 1186 *l
756 1125 801 1167 ex
832 1103 1014 1168 Androclis
1051 1102 1187 1189 quidem

115 1221 244 1290 mente,
282 1204 338 1290 qui
367 1203 556 1290 adoptatum
588 1224 609 1266 a
636 1202 886 1269 Philoctemone
917 1201 1187 1271 Chaerestratum

115 1323 250 1395 negaret
259 1330 269 1387 3
305 1304 392 1369 iuter
413 1304 494 1370 duas
520 1304 607 1369 filias
629 1326 666 1368 ac
696 1318 761 1371 tres
785 1329 899 1370 earum
919 1304 1042 1370 liberos
1072 1304 1108 1370 in
1131 1329 1186 1371 ca·

114 1408 185 1497 pita
206 1405 420 1473 dividendam
436 1404 537 1470 fuisse
559 1404 774 1471 hereditatem
794 1407 918 1473 statuit.
962 1407 1005 1472 Et
1026 1429 1106 1472 sane
1122 1407 1185 1474 boc

115 1508 201 1578 mihi
228 1531 374 1596 quoque,
405 1522 441 1572 ut
462 1505 499 1570 in
524 1529 561 1571 re
589 1507 841 1590 obscurissima,
872 1509 1019 1574 maxime
1040 1509 1218 1596 proban--

116 1611 195 1676 dum
215 1610 369 1691 videtur,
397 1607 492 1674 utin
514 1607 570 1675 avi
590 1609 733 1674 materni
755 1611 840 1675 bona
862 1626 996 1699 nepotes
1019 1634 1086 1675 una
1108 1634 1218 1680 cnm·

114 1713 264 1794 filiabus,
298 1699 422 1777 liberos
454 1733 530 1774 cum
558 1712 735 1789 matribus,
769 1712 961 1778 successisse
989 1725 1218 1793 statuamus.

30 1890 34 1897 Ι
115 1813 244 1879 etiamsi
271 1811 308 1877 in
339 1810 496 1878 avunculi
530 1811 639 1883 bonis,
659 1812 835 1901 coheredes
866 1812 1026 1879 matribus
1058 1814 1218 1883 libero&

113 1914 215 1981 fuisse
237 1936 305 1979 non
324 1912 457 1998 quidem
478 1902 774 2001 prorsus'negavi,
797 1929 831 1978 at
851 1914 1073 1981 demonstrari
1096 1928 1218 1987 certe

114 2038 184 2082 non
204 2038 298 2103 posse
319 2013 470 2101 probavi.
513 2014 599 2081 Nam
616 2014 796 2080 Androclis
817 2017 931 2104 petitio
953 2039 1105 2102 quanam·
1120 2017 1218 2086 alia

114 2117 243 2183 ratione
270 2115 432 2205 explicari
451 2115 570 2204 possit,
604 2139 670 2181 non
698 2116 863 2203 intelligo.
906 2117 950 2184 Et
969 2117 1068 2193 video
1089 2117 1211 2185 Bm-

113 2218 243 2285 senium
270 2242 398 2306 quoque
428 2216 463 2281 in
494 2217 609 2283 eadem
636 2241 705 2283 esse
736 2219 915 2299 sententia,
945 2234 982 2284 nt
1009 2219 1198 2309 nepotibus

113 2319 329 2409 neptibusque
364 2343 408 2384 ex
438 2318 494 2385 avi
529 2320 672 2384 materni
707 2319 890 2386 hereditate
922 2334 1049 2410 partem
1084 2321 1184 2387 etiam

112 2438 218 2488 matre
246 2421 325 2489 viia
352 2420 526 2502 concedat,
565 2421 606 2486 de
632 2420 696 2511 jur.
727 2423 799 2487 her.
822 2448 855 2510 p.
879 2423 932 2489 19.
976 2421 1090 2509 Neque
1112 2423 1177 2489 sina

112 2522 240 2591 ratione
269 2522 333 2589 hoc
360 2522 405 2589 ita
437 2521 665 2587 institutuma
692 2523 881 2610 legislatore
903 2547 1031 2589 conseo.
1076 2523 1171 2590 Filias

113 2625 204 2691 enim
225 2621 419 2707 ἐπικλήρους,
449 2623 579 2691 etiamsi
606 2639 726 2712 nuptae
748 2639 873 2708 essent,
908 2625 1061 2701 ἕπιδίκους
1080 2626 1169 2691 fuisse

113 2729 303 2813 constat.**)
368 2725 496 2808 Quodsi
523 2727 563 2790 ab
593 2725 703 2811 aliquo
735 2742 874 2811 cognato
905 2751 965 2814 per
991 2726 1168 2791 ἐπιδικασίαν

111 2843 317 2917 peterentur,
349 2829 461 2916 priore
487 2826 701 2907 matrimonio
728 2830 835 2893 soluto
864 2827 1017 2914 iniquum
1043 2829 1168 2897 videba-

111 2945 186 3013 tur,
220 2928 343 2995 liberos
375 2931 439 2993 hoo
467 2927 681 2995 matrimonio
702 2945 891 3017 procreatos
912 2930 1000 2995 nihil
1020 2927 1167 3020 planede

110 3030 283 3099 aribonis
305 3030 464 3118 accipere.

195 3130 293 3216 Quod
316 3147 425 3196 alitem
448 3155 529 3217 quae
552 3133 592 3196 ab
614 3132 815 3198 Euctemone
835 3133 952 3198 relicta
974 3148 1071 3199 crant
1090 3145 1164 3222 pete·

109 3235 231 3300 bantur
251 3255 270 3297 a
293 3228 521 3299 Chaerestrato
544 3252 711 3320 tamquam
732 3233 994 3300 Philoctemonis
1018 3236 1114 3317 bona,
1137 3229 1162 3294 id

110 3358 174 3423 qua
204 3332 334 3399 ratione
363 3335 488 3399 sactum
515 3334 579 3417 sit,
615 3334 684 3424 jam
705 3359 803 3423 supra
826 3336 971 3403 breviter
998 3336 1162 3401 indicatum

109 3451 169 3503 est.
213 3433 349 3501 Scilicet
362 3433 584 3501 Chaerestrati
604 3436 718 3524 petitio
739 3437 904 3502 nitebatur
918 3430 1161 3503 Philoctemonis

108 3550 302 3602 testamento
333 3551 429 3624 atque
451 3537 635 3625 adoptione.
690 3537 745 3602 Ad
768 3540 856 3602 hunc
878 3538 985 3622 enim,
1014 3539 1044 3605 si
1065 3557 1161 3625 super·

108 3654 173 3705 ates
207 3637 346 3715 luisset,
386 3638 497 3703 omnia
527 3639 735 3704 Euctemonis
766 3641 853 3704 bona
880 3640 1057 3727 pervenire
1090 3630 1158 3706 haud

109 3738 207 3805 dubie
229 3739 428 3824 debuissent,
460 3739 618 3805 fratribus
634 3739 822 3826 Ergamene
844 3755 876 3806 et
897 3741 1089 3829 Hegemone
1104 3739 1157 3830 jam

114 3860 314 3873 *κ

143 3909 170 3976 ⁰)
189 3910 225 3962 Id
248 3917 347 3962 orator
371 3907 438 3980 ipse
465 3907 576 3965 diserte
602 3908 753 3978 eloquitur
779 3910 808 3978 ξ.
827 3912 877 3965 3οε
903 3913 951 3977 τῆς
969 3909 1019 3981 γὰρ
1037 3943 1071 3954 -
1087 3905 1156 3960 οὐσίας

176 3992 269 4044 odds'vu
286 3992 376 4064 κύριον
394 3997 503 4045 ἔσεσθαι
519 3994 720 4059 τελευτήσαντος
736 3994 909 4065 Εὐκτήμονος
927 3998 1008 4049 ἄλλον
1025 3997 1041 4063 ἢ
1058 3996 1101 4053 τὰς
1114 3994 1156 4041 til‘

174 4082 286 4148 γατέρας
302 4080 346 4128 καὶ
362 4077 424 4136 τοὺς
441 4083 467 4130 ἐκ
484 4080 584 4130 τούτων
602 4079 752 4147 γεγονότας.

143 4164 186 4231 ⁰⁰)
205 4163 251 4220 Cf·
270 4176 316 4218 ⁰1·
340 4164 379 4218 de
395 4164 506 4234 Pyrrh.
524 4165 591 4221 her.
618 4166 647 4234 ξ.
666 4166 710 4222 61.
747 4167 785 4221 ‹le
803 4164 972 4223 Aristarch.
998 4168 1063 4224 her.
1081 4156 1152 4234 §.19⁶
