2632 4800
200 287 203 291 ’
266 306 269 313 ·
334 286 625 363 ommonem
644 290 969 420 mortemon.
1135 298 1202 426 ιον

115 475 280 531 structura
310 474 345 527 et
372 460 554 528 sententia.
595 459 649 524 nol
674 456 735 545 ηοὶρ
762 457 784 524 ἃ
812 456 916 542 μὲν
897 465 1035 547 οπῆρχεν
1056 462 1115 542 ἔξω
1136 471 1199 533 τῶν

114 559 377 646 ἀποτιμηθέντων
412 555 746 676 καταλελειτούρηηκα,
787 561 892 640 δανειζ
874 562 991 651 ζομένῳ
1023 563 1057 628 d’
1096 565 1199 645 οὐδεὶς

113 691 154 732 αν
195 663 353 731 idonev’
344 660 395 730 εντ’
436 646 541 737 edicte
575 660 620 726 ἔτι
655 662 748 728 πλέον
789 658 897 726 οὐδέν·
942 690 963 727 α
996 664 1049 748 δὲ,
1086 664 1199 735 dirodo-

115 766 228 834 δωκότι
255 765 313 842 τὰς
340 752 535 847 μισθώσεις,
566 761 642 846 ἔχειν
669 762 738 845 ἐμοὶ
759 768 915 849 προσῆκον
937 762 1010 850 (aut
1030 773 1197 859 προσῆκεν)

90 863 422 956 ἀναμφισβητήτως,
450 853 536 929 οὗτοι
549 869 675 929 xci.—
699 862 748 927 Τοὶ
772 860 1011 948 enormiora
1032 884 1110 951 sunt
1130 872 1198 962 hy-

115 973 273 1060 pothecae
301 991 382 1055 ques
411 965 581 1033 constitnit
600 964 658 1052 qui
685 964 797 1031 alieno
819 966 990 1051 conducit,
1015 963 1115 1036 velut
1135 996 1198 1061 pu·
1227 971 1236 987 ‘
1288 996 1291 1000 ⁴

112 1073 274 1163 pillorum
294 1072 400 1152 bone,
429 1067 565 1158 praedia
588 1081 652 1134 etc.
696 1065 777 1137 Vid.
798 1065 1000 1154 Harpocrat.
1023 1092 1058 1137 v.
1087 1068 1206 1138 οἰποτι·Ι

113 1173 224 1258 μηταί.
267 1169 419 1238 Boeckh.
444 1171 484 1262 de
506 1191 620 1235 oecon.
643 1192 673 1235 r.
696 1191 730 1256 p.
752 1166 798 1232 Α.
820 1167 892 1257 lp.
918 1170 1013 1236 158.
1036 1171 1093 1238 Ad
1114 1174 1197 1242 haec

116 1274 354 1358 ἀποτιμηθέντα
375 1269 519 1363 p‘ertinet
547 1269 694 1357 in-seqq.
723 1292 909 1357 pronomen
931 1269 983 1334 ἐπ’
1008 1271 1131 1354 αὐτοῖς,
1165 1292 1198 1343 et

114 1376 226 1443 {tom
248 1389 384 1465 apparet
403 1373 493 1439 idem
514 1372 551 1438 h.
573 1372 599 1439 l.
622 1370 812 1459 significare
833 1372 919 1458 quod
942 1367 1114 1457 idcircum,
1136 1379 1198 1443 du·

114 1478 279 1564 νειζομένῳ
308 1492 418 1545 antem
450 1476 490 1541 de
513 1476 633 1540 conatu
655 1470 884 1560 accipiendum
915 1490 997 1543 esse.
1042 1479 1195 1566 Siquid,

118 1580 249 1666 inquit,
274 1578 404 1662 foenori
421 1600 540 1641 comere
560 1575 739 1655 voluntem,
769 1598 857 1640 nemo
877 1577 955 1640 miti
974 1576 1007 1640 τ’νι
1032 1578 1092 1644 illa
1113 1581 1196 1646 bona

113 1680 282 1766 quaejam
301 1679 510 1764 oppignerata
531 1689 641 1756 eram,
676 1675 846 1761 quidquam
866 1678 999 1764 amplius
1019 1682 1195 1757 creditum
1230 1675 1232 1680 ¹

129 1783 188 1848 cit.
655 1839 657 1842 .

109 1782 138 1868 f
167 1882 172 1887 ’
192 1880 379 1947 Ἀποδοῦναι
399 1876 457 1955 τοὶς
476 1876 649 1963 μισθώσεις
671 1901 747 1945 eum
764 1879 832 1946 dici
849 1880 1013 1966 arbitror,
1042 1881 1100 1970 qui
1122 1907 1195 1952 rem

116 1984 312 2049 conductam
336 1981 534 2068 'debitasque
562 1981 737 2073 pensiones
759 1983 884 2068 reddit,
915 2008 980 2071 quo
1000 1985 1087 2051 facto
1108 1985 1195 2052 libe-

114 2101 209 2152 retur
236 2101 364 2174 oportet
392 2085 592 2177 hypothece.
644 2084 737 2151 Haec
757 2084 871 2172 *igitur
899 2101 966 2170 est,
1005 2102 1060 2152 aut
1082 2087 1194 2174 alique
1246 2159 1249 2166 ,

113 2187 185 2274 ejus
206 2211 283 2277 pars
316 2188 409 2274 (nam
431 2187 505 2253 fieri
532 2200 639 2278 potest
665 2200 703 2252 nt
724 2184 870 2266 debitum
892 2190 1022 2256 solvere
1043 2213 1111 2257 non
1131 2213 1195 2280 po·
1241 2262 1249 2273 ,

112 2289 216 2356 tuerit
236 2289 305 2354 nisi
326 2289 472 2355 venditis
501 2287 673 2354 nonnullis
701 2310 818 2353 eorum
834 2291 1077 2373 praediorum,
1110 2316 1194 2380 quae

110 2414 172 2480 pro
194 2389 381 2478 hypotheca
401 2391 553 2466 fuerent,
582 2402 619 2453 ut
636 2387 818 2454 Meneclem
839 2391 947 2456 fecere
968 2393 1114 2460 vidimus
1137 2418 1191 2463 or.

113 2492 151 2558 ll
174 2491 212 2578 ξ.
232 2493 276 2556 20
296 2490 375 2557 οοΠ.
399 2480 519 2554 comm.
541 2511 576 2575 p.
595 2486 673 2573 214)
700 2511 798 2573 quem
814 2488 895 2554 dicit
914 2491 980 2556 sibi
997 2495 1192 2562 convenisse

115 2586 404 2678 ἀναμφισβητήτως
425 2589 520 2672 ἕχεινι
552 2590 608 2690 sed
624 2591 853 2676 huncquoque
869 2591 1053 2661 adversarii
1075 2595 1106 2660 ei
1122 2595 1192 2661 eri·
1274 2652 1284 2675 ,.

113 2718 192 2784 pere
214 2691 325 2760 conati
345 2706 434 2759 sunt.
473 2687 529 2756 ‘H
546 2689 686 2774 ἐπισκευὴ
704 2690 811 2778 quattu
828 2692 945 2779 fuerit,
979 2718 1024 2761 ex
1044 2695 1190 2784 hariolo,
1307 2702 1313 2719 ¹

115 2818 186 2863 non
207 2819 252 2861 ex
280 2794 458 2883 interprete
479 2795 705 2880 quaerendum
727 2807 788 2861 est.
1233 2833 1236 2838 ·

193 2896 260 2965 ΠΙ.
303 2894 358 2964 Ex
378 2894 518 2965 loannis
541 2894 676 2964 Stobeei
696 2893 881 2984 Florilegio
902 2894 967 2982 IV,
988 2896 1043 2965 54.
1067 2914 1149 2969 tom.
1170 2900 1190 2969 I

110 3023 145 3089 p.
169 2998 233 3065 152
254 2997 425 3065 Gaisfa-
455 2994 569 3065 Pro‘
551 3004 685 3083 ηηοῦμαι
712 3022 819 3085 marg.
843 2997 948 3066 Geon.
972 2997 1118 3068 hebet‘
1099 3008 1188 3087 ηηοῦ,

65 3132 71 3142 -
110 3122 174 3187 pro
196 3101 342 3184 μεγίστην
373 3099 447 3167 cod.
469 3100 579 3168 Paris·
601 3100 644 3166 B.
665 3104 819 3183 μέγιστον.
861 3099 917 3166 Ex
938 3101 1055 3169 eodem
1074 3097 1195 3173 codice·

107 3200 164 3268 τὸν
186 3226 205 3269 o
227 3228 281 3270 me
303 3201 485 3291 repositum
508 3216 557 3268 est
583 3226 645 3291 pro
666 3203 760 3288 vulg.
783 3197 831 3266 τό.

197 3303 261 3370 lV.
306 3300 546 3370 EStobaeol.
566 3304 592 3368 l.
613 3302 742 3387 XLVI,
763 3305 819 3370 25.
841 3317 922 3370 tom.
945 3305 1022 3393 2p.
1044 3307 1121 3374 262.
1188 3347 1193 3373 ι

192 3402 238 3471 V.
281 3403 337 3471 Ex
358 3406 473 3472 eodem
493 3402 658 3485 XLVIII,
678 3406 731 3471 25.
754 3419 836 3471 tom.
853 3407 930 3493 2p.
945 3406 1022 3472 306.
1012 3432 1182 3495 -.πραο·

108 3504 206 3590 τέρας
237 3529 256 3572 e
284 3506 360 3573 cod.
389 3506 499 3575 Paris.
521 3506 611 3573 Aet
631 3507 683 3573 ed.
707 3494 827 3574 Trine.
850 3507 1033 3598 repositum
1054 3524 1103 3578 est
1122 3534 1184 3602 pro
1218 3566 1220 3571 .

110 3609 205 3696 vulg.
229 3608 430 3694 πραοτέρους.

71 3714 75 3721 “
194 3707 258 3778 Vl.
301 3710 400 3801 Apud
422 3709 633 3778 Priscianum
648 3709 1185 3792 A.G.XV111,20,1581nter

65 3860 67 3867 ,
109 3812 265 3898 exempla
292 3813 389 3879 verbi
412 3811 606 3905 αἰσθάνομαι
634 3837 709 3879 cnm
731 3813 916 3879 accusativo
939 3814 1119 3880 constructi
1146 3814 1184 3882 in

109 3912 185 3980 edd.
200 3913 281 3979 Ald.
299 3912 378 3981 Bes.
400 3914 472 3982 col.
485 3910 733 3982 afferturetiem
754 3915 818 3980 hoc
838 3911 927 3980 lseei
947 3915 1182 4003 fragmentum,

106 4010 146 4079 in
167 4012 282 4080 ceteris
304 4015 377 4082 edd.
401 4016 597 4100 omissum,
611 4039 717 4102 neque
744 4015 781 4082 in
803 4016 897 4082 codd.
922 4015 1140 4083 eKrehlio
1128 4041 1183 4083 rn-
1264 4064 1267 4076 «

106 4132 263 4201 ventum,
286 4117 326 4182 ab
346 4114 473 4183 Aldino
493 4133 604 4184 tamen
626 4117 750 4183 editore
771 4117 860 4184 haud
884 4104 984 4184 dubie
1005 4141 1049 4183 ex
1070 4118 1182 4206 aliquo

107 4216 219 4285 codice
241 4240 446 4308 expressum.
499 4200 598 4290 Gons.
622 4215 778 4310 Spengel.
801 4219 872 4287 ind.
862 4242 1006 4388 ..grippo
1037 4221 1102 4290 loc.
1092 4244 1180 4311 ..ep
