2632 4800
187 298 190 303 '
277 285 342 356 DE
362 283 676 357 DIGAEOGENIS
697 287 1016 360 HEREDITATE.
1060 368 1065 384 Ι
1117 296 1184 365 293

110 456 305 531 broriomm
325 480 438 527 errore
464 457 501 522 in
522 454 704 549 Olynthios
725 459 844 528 mutati
852 431 948 529 „sumn
991 459 1184 530 Corinthios

113 575 227 627 antem
253 559 316 645 ilio
343 574 492 648 tempore
518 583 578 649 pro
601 559 861 629 Atheniensibus
876 550 1052 654 'pugnasse
1073 577 1186 631 orator
1303 620 1307 633 .

112 661 189 730 sino
207 662 280 730 ulla
301 661 504 729 dubitatione
527 660 636 727 dicere
657 660 774 752 potuit.

545 831 750 851 m
792 825 796 831 ⁸

201 967 238 1056 §.
255 967 287 1036 1.
310 963 528 1055 διεφερόμεθα.
570 967 668 1035 Duae
681 982 775 1036 erant
796 969 1058 1053 controversiae,
1080 971 1184 1036 altero

110 1066 157 1135 de
176 1068 378 1155 hereditate,
409 1094 493 1156 quae
514 1070 649 1157 quidem
669 1069 819 1160 pactione
841 1069 1016 1136 terminata
1038 1083 1104 1149 est,
1134 1072 1185 1136 ul·

112 1183 187 1237 tera
215 1170 291 1237 dein
318 1171 480 1261 pactionis
508 1171 759 1269 condicionibus
789 1195 857 1238 non
888 1171 1032 1261 impletis
1055 1184 1183 1237 exorta.

110 1268 171 1340 Ex
190 1271 244 1339 his
264 1272 411 1361 priorem
431 1297 520 1338 nunc
541 1273 708 1359 designari
730 1270 942 1340 manifestum
969 1289 1037 1356 est,
1069 1295 1186 1359 quam·

112 1374 231 1441 obrem
251 1397 322 1440 non
342 1370 558 1461 διαφερόμεθα
578 1375 635 1440 sed
658 1373 864 1460 διεφερόμεθα
876 1374 1089 1442 scribendum
1109 1396 1185 1439 oum
1290 1358 1295 1373 ἱ

112 1474 239 1565 optimo
271 1475 381 1543 codice
395 1558 400 1564 ἱ
414 1473 622 1565 Grippsiano.
688 1474 843 1543 Ceterum
875 1475 1084 1543 constructio
1103 1474 1185 1540 haec

69 1578 71 1583 ’
115 1591 186 1647 ost:
221 1575 262 1644 τό
285 1573 505 1661 ὡμολογημένα
527 1578 595 1664 περὶ
616 1569 660 1644 ὧν
682 1574 887 1664 διεφερόμεθα
908 1613 969 1655 —-‚
991 1599 1096 1663 neque
1117 1575 1186 1663 igi·

99 1684 171 1751 ‘ht‘
184 1674 267 1746 'ante
287 1678 328 1744 τό
341 1676 438 1765 ὠμοό.
461 1679 774 1767 interpungendum.
814 1678 889 1743 Ἕόεό
906 1684 962 1744 τοῦ
985 1677 1185 1762 δικαστηρίου

115 1786 224 1848 autem
253 1795 302 1847 est
330 1804 436 1848 οονοοι
447 1781 626 1866 judicibus,
656 1781 931 1872 quemadmodum
951 1780 1040 1847 infra
1063 1781 1101 1868 ᾧ.
1125 1781 1184 1846 1οε

115 1879 312 1969 ὁμολογήσας
333 1881 381 1945 eu
402 1887 458 1947 τοῦ
481 1883 700 1966 δικαστηρόσο,
728 1883 813 1970 quod
835 1885 947 1972 paullo
969 1896 1043 1971 post
1064 1881 1185 1947 dicitur

111 1985 253 2050 ἐναντίοι
280 1986 343 2048 τῶν
372 1985 539 2064 δικαστῶν,
580 2000 611 2050 et
639 1986 761 2073 fragm.
792 2009 853 2073 pro
880 1978 1049 2073 Euphilet.
1085 1983 1121 2070 ᾧ.
1144 1984 1183 2050 9:
1283 2063 1286 2067 ⁴

107 2084 207 2174 -ὅρκον
236 2081 351 2167 ὀμόσαι
377 2074 442 2150 ἐπὶΧ
457 2091 513 2150 τοῦ
535 2085 931 2173 διαιτητοῦ,·ἱί)ἰδοιηηιιο
954 2086 1073 2187 §.112
1103 2081 1185 2173 μα’ρ-

107 2212 213 2274 ταρας
237 2188 289 2253 καὶ
316 2186 365 2250 ἐπὶ
401 2191 457 2251 τοῦ
488 2189 646 2270 διαιτητοῦ
681 2189 733 2251 καὶ
768 2185 823 2272 ἐφ’
851 2184 939 2272 ὑμῶν
970 2184 1184 2270 παρεχόμεθα.
1281 2230 1283 2234 ⁷

112 2289 169 2359 cf.
184 2278 331 2356 Wessel.
355 2287 395 2353 ad
408 2287 550 2358 Diodor.
567 2288 666 2369 XVI,
689 2290 742 2355 93.
766 2287 1072 2358 Schaefer.ii‘ielett.
1095 2289 1183 2374 critt.

112 2418 147 2484 p.
170 2391 246 2461 105.
291 2389 501 2476 Quemquam
521 2391 600 2459 satis
622 2391 685 2457 hoc
707 2393 840 2477 quidem
859 2394 1017 2479 vulgare3
1047 2391 1103 2457 sed
1127 2392 1185 2457 da·

113 2495 222 2562 tivum
242 2515 371 2581 quoque
392 2516 627 2578 nonnunquam
645 2493 708 2560 hoc
730 2517 828 2559 sensu
848 2517 923 2558 cum
943 2491 1184 2582 praepositione

113 2593 273 2686 conjungi
301 2595 454 2661 observat
480 2594 570 2660 idem
592 2591 789 2661 Schaeferus
811 2594 852 2659 ad
874 2595 1030 2681 Longum
1051 2619 1084 2683 p.
1106 2592 1182 2660 428.

115 2694 170 2783 01,
191 2695 354 2765 Fritzsch.
379 2694 530 2781 Quaestt.
551 2696 716 2765 Luciann.
738 2722 772 2786 p.
796 2697 870 2762 139.
975 2752 977 2756 ,

197 2793 538 2885 όταμφισβήτηεα’-.
567 2798 613 2868 H.
637 2824 668 2867 e.
690 2799 731 2864 de
753 2798 870 2885 quibus
892 2820 912 2863 a
932 2796 1066 2879 nemine
1086 2798 1184 2864 nobis

115 2901 339 2969 controversia
354 2900 501 2983 moveri,
526 2924 642 2986 quaea
664 2901 817 2984 nemine,
842 2923 878 2967 v.
899 2924 927 2966 e.
950 2922 1010 2988 pro
1032 2898 1184 2989 pignore,
1217 2970 1220 2975 ,

114 3001 279 3069 vindicari
291 3016 434 3091 possent,
457 3002 588 3086 καθαρδι
603 3002 834 3088 καὶοίιέαὶιφα,
855 3017 892 3067 ut
908 3001 1054 3092 explicat
1065 3023 1184 3089 graeca

114 3104 328 3195 hypothesis,
356 3105 632 3189 quemadmodum
656 3103 801 3191 ἀνέπαφα
813 3104 893 3170 dicit
907 3104 1083 3170 Demosth.
1106 3104 1182 3171 adv.

114 3204 239 3272 Lacr-it.
261 3231 295 3295 p.
318 3206 467 3283 92dp12.
490 3206 529 3271 in
549 3205 737 3302 Dionysod.
760 3232 793 3296 p.
818 3205 914 3291 1294,
936 3207 971 3273 8.
994 3206 1047 3279 15.
1070 3207 1125 3290 28,
1153 3221 1185 3272 et

114 3303 262 3394 ἔλιόθερα
280 3307 357 3374 adv.
373 3306 473 3374 Lacr.
493 3333 528 3397 p.
544 3308 620 3394 930,
635 3309 671 3377 4.
691 3311 766 3377 adv.
777 3308 962 3404 Phaenipp.
976 3334 1010 3398 p.
1021 3306 1116 3391 1044,
1127 3313 1182 3375 23.
1272 3299 1275 3304 ’

198 3406 300 3496 ὥσπερ
332 3406 568 3494 όντωμόσαμεν.
622 3410 669 3478 Ut
701 3411 798 3477 modo
829 3410 969 3501 professi
996 3433 1111 3476 sumus
1147 3409 1185 3475 in

107 3508 309 3598 διωμοσία,
346 3512 386 3576 de
409 3535 472 3598 qua
493 3512 563 3580 vid.
585 3512 625 3578 de
647 3513 718 3580 ord.
751 3513 823 3599 jud.
843 3539 877 3603 p.
900 3511 965 3580 624
985 3536 1034 3599 sq.
1078 3509 1185 3576 Falli·

107 3624 169 3683 ,tur
199 3611 304 3701 igitur
330 3612 489 3681 Reiskius
520 3604 620 3698 ὧιαερ
650 3615 899 3681 rescribendum
917 3638 1003 3688 'esse
1035 3635 1184 3695 censens,

110 3712 234 3805 quippe
262 3715 348 3780 iliu'd
374 3715 605 3807 jusjurandum
635 3716 802 3803 designari
836 3731 947 3798 ratus,
983 3738 1046 3801 quo
1075 3715 1184 3804 pactio

111 3814 202 3883 inter
222 3815 468 3904 Dicaeogenem
499 3833 531 3882 et
557 3819 765 3885 adversarios
788 3820 980 3882 confirmata
1000 3816 1054 3883 sit.

200 3917 237 4004 §.
263 3922 296 3984 2.
318 3915 538 4001 Κηφισόδοτος
560 3917 677 3986 οὑτοσί.
721 3918 774 3986 Cf.
798 3919 836 4006 §.
858 3918 880 3986 5
902 3933 990 3984 extr.

105 4076 108 4083 .
200 4018 238 4105 ᾧ.
260 4021 295 4084 3.
328 4019 400 4083 οὐδ’
432 4019 470 4086 όν
501 4019 596 4086 αὐτόν
624 4016 711 4102 οἶμαι
732 4059 784 4083 —.
816 4020 1116 4088 Grammaticorum
1144 4022 1184 4087 do

114 4118 307 4186 discrimine
328 4120 426 4195 ,inter
446 4118 543 4205 ὀἶμαι
572 4136 604 4188 et
632 4121 737 4204 οἴομαι
765 4138 975 4212 praeceptum
1003 4122 1184 4212 rectissime

113 4219 339 4289 Buttmannus
366 4236 488 4292 tutatus
518 4240 566 4293 est
598 4224 747 4292 Gratum.
777 4247 867 4293 max.
897 4221 931 4291 ii
961 4248 993 4314 p.
1019 4226 1092 4312 105,
1120 4226 1184 4292 hoc
1272 4292 1280 4312 ‚
