2632 4800
174 191 241 325 ooo
534 251 582 320 ΙΝ
605 246 887 325 ΟΒΑΤΙΟΝΕΜ

185 438 235 489 est
253 436 397 489 tutorem
422 442 513 503 esse,
545 442 608 509 pro
637 432 745 486 tutore
778 417 944 509 pupillum
971 436 1089 483 curare
1117 424 1152 481 et
1179 436 1250 481 rem

88 556 91 561 ·
182 524 301 614 pupilli
322 520 566 588 administrare.

265 620 312 699 οἷς
331 613 416 688 οὗτοι
434 630 542 705 γνοῖεν.
584 618 782 704 Bekkerus,
806 620 906 687 etiam
924 617 1065 687 Rciskio
1079 617 1252 699 suadente,

59 718 62 723 ’
185 724 224 791 ἂν
242 723 401 806 inseruit,
430 721 486 786 sed
508 720 640 788 uncinis
660 721 840 788 inclusum.
885 720 1020 788 Etsane
1040 721 1130 786 inlra
1152 719 1192 807 f.
1210 720 1253 783 33
1295 756 1302 781 .

184 843 269 892 extr.
299 824 462 910 legimust
499 819 692 907 ὅρκοίσοντες
719 819 802 907 ἡμᾶς
827 817 848 907 ἦ
875 821 939 907 μὴν
969 822 1107 904 ἔμμίνειν
1139 816 1188 895 οἷς
1215 818 1255 885 διν

183 926 273 992 attat
297 934 395 1009 γνοῖεν
416 969 459 983 -
480 924 606 992 scilicet
633 926 660 989 el
685 934 793 1009 γνοῖεν.
842 924 895 991 Ita
927 924 1017 990 enim
1038 946 1170 1012 semper
1190 922 1257 988 hu·

181 1027 327 1117 jusmodi
352 1026 535 1091 enuntiatio
565 1026 801 1092 condicionalis
823 1026 1005 1117 supplenda
1033 1040 1104 1109 est,
1134 1023 1197 1089 ubi
1216 1022 1258 1089 in

182 1128 373 1196 narratione
388 1126 438 1193 rei
456 1128 652 1216 praeteritae
667 1128 834 1216 optativus
850 1152 926 1195 cum
944 1126 980 1191 δν
997 1125 1162 1216 particula
1183 1148 1259 1191 rem

183 1230 350 1316 designat,
386 1251 469 1314 quae
497 1244 576 1293 tuuc
605 1244 676 1295 erat
700 1230 824 1296 lutura.
883 1217 1041 1320 Thucydi
1063 1225 1164 1308 Vlll,
1191 1224 1257 1293 54:

47 1356 55 1371 ·
183 1332 378 1417 ἐψηφίσαντο
407 1328 463 1394 τὸν
494 1332 689 1415 Πείσανδρον
715 1333 766 1394 καὶ
796 1331 870 1396 δίκα
901 1330 1020 1415 ἄνδρας
1048 1327 1123 1411 μετ’
1156 1326 1258 1393 circii

182 1431 330 1517 πράσσειν
356 1428 418 1514 ὅπη
447 1428 485 1494 δν
507 1431 612 1507 αὐτοῖς
639 1433 745 1515 δοκοίη
766 1433 839 1499 scil.
869 1433 900 1498 εἶ’
914 1457 944 1497 τι
965 1428 1113 1517 πράσσειν
1134 1429 1259 1512 δοκοίη.

182 1534 340 1623 Xenoph.
362 1531 473 1598 Anah.
496 1532 526 1615 l,
556 1534 590 1616 5,
613 1535 635 1600 9
655 1536 786 1617 νομίζων
809 1535 859 1619 (h.
882 1559 911 1601 e.
935 1533 997 1597 ἐπεὶ
1017 1528 1167 1617 ἐνόμιζεν)
1189 1528 1260 1618 ὅσῳ

182 1636 239 1718 μὲν
260 1634 298 1698 δν
318 1638 440 1698 θᾶττον
459 1631 549 1700 ἔλθοι
572 1636 613 1715 [εί
630 1634 732 1723 ἔλθοι]
755 1632 895 1723 τοσοιίτερ
915 1632 1261 1721 ἀπαρασκευαστοτέρῳ

182 1741 307 1817 βασιλεῖ
328 1741 565 1817 μαχεῖσθαι-
591 1737 632 1803 ad
654 1763 752 1825 quem
777 1740 888 1804 locum
910 1737 977 1802 alia
998 1735 1161 1823 quaedam
1181 1733 1259 1799 Xe·

182 1839 369 1928 nophontea
396 1836 591 1923 Kruegerus
619 1839 770 1906 contulit.
821 1838 875 1906 Gl.
904 1837 1080 1903 Demosth.
1109 1836 1149 1902 in
1168 1836 1257 1902 Mil.

182 1966 216 2030 p.
232 1939 308 2022 518,
331 1940 392 2006 13:
420 1937 456 2005 οὗ
478 1936 894 2027 γδρ-ὖβρίζεσδαι-τὴν
915 1936 1132 2023 παρασκευὴν,
1154 1934 1259 2021 ἢν,ον

183 2042 217 2105 ἔκ
238 2046 300 2106 τῶν
322 2040 408 2105 ἰδίαν
429 2040 592 2126 πορίσαιτό
612 2066 662 2117 τις
683 2046 724 2118 είς
743 2042 802 2127 τὴν
822 2042 1030 2125 λειτουργίαν,
1053 2038 1156 2127 η’νέσθε
1172 2044 1257 2125 χρῆ-

183 2171 235 2208 ναι
254 2181 298 2194 -
323 2141 391 2207 ubi·
409 2161 495 2208 recte
523 2141 739 2211 Sclraeferus:
776 2160 866 2230 ηιῑεινι
897 2145 983 2229 pram,
1016 2144 1046 2207 si
1068 2140 1177 2226 forte,
1213 2140 1261 2227 (el

183 2241 331 2329 τδχοι,)
364 2246 542 2329 paravisset
568 2246 609 2308 ‹le
635 2270 700 2311 otto.
755 2226 898 2312 lucian.
931 2245 1020 2311 Gall.
1050 2266 1121 2331 cap.
1146 2243 1195 2308 ’18
1222 2265 1258 2331 p.

182 2348 247 2412 292
274 2344 456 2412 Fritzsch.:
494 2345 559 2433 ὅσην
586 2347 620 2411 δι’
648 2345 688 2411 δν
716 2348 874 2429 ξενίζοιμι,
909 2342 1049 2432 τοσούτῳ
1078 2342 1259 2430 καινότερος

183 2446 272 2537 ᾤμην
301 2446 407 2521 αὐτοῖς
440 2447 577 2515 ἔσεσθαι.
629 2446 859 2514 Necessarium
892 2464 1002 2515 tamen
1035 2460 1149 2513 nostro
1179 2448 1258 2513 loco

182 2548 379 2639 particulam
406 2572 504 2614 nemo
533 2548 667 2616 dixerit.
729 2548 779 2615 cf.
799 2549 1041 2615 Wunderlich.
1074 2548 1181 2639 praef.
1216 2546 1258 2614 tul

182 2649 359 2718 Demosth.
383 2673 434 2714 or.
456 2673 517 2737 pro
539 2674 607 2716 cor.
631 2676 664 2737 p.
688 2650 881 2718 XXXVII!
902 2675 950 2736 sq.
1067 2680 1070 2685 ·
1132 2680 1137 2689 ·

268 2757 303 2831 ᾖ.
325 2752 380 2816 32.
408 2748 576 2832 ἀνώμοτον.
622 2750 718 2816 οοη1.
742 2752 960 2818 Hndtwalck.
984 2752 1026 2816 ‹lc
1047 2750 1200 2817 diaetetis
1220 2774 1255 2839 p.

184 2854 258 2919 181.
279 2888 323 2901 -
353 2852 380 2915 ei
407 2848 545 2915 δύναιντ’
574 2850 632 2929 δν,
669 2855 755 2938 quod
778 2852 974 2920 Bekkcrum
1004 2851 1141 2919 offendit
1160 2851 1256 2921 Ado.

183 2978 216 3043 p.
239 2955 314 3036 697,
336 2952 520 3038 significat:
548 2954 736 3037 aifatumm
756 2969 833 3018 esset
852 2968 889 3019 aot
906 2967 1041 3040 possent.
1084 2953 1259 3020 Nimirum

183 3056 248 3119 hoc
271 3077 377 3138 posse,
412 3078 514 3140 quum
540 3054 583 3120 sit
604 3079 664 3143 pro
686 3056 862 3145 hypothesi
889 3055 1052 3142 sequentis
1074 3055 1258 3144 epodoseos

184 3152 267 3221 oiim
294 3152 448 3237 ποιήσειν,
487 3173 597 3221 tamen
616 3172 651 3221 et
671 3156 780 3245 ipsnm
802 3173 969 3245 tamquam
993 3182 1037 3223 ex
1058 3155 1258 3223 condicione

184 3272 295 3346 aptum
325 3257 505 3344 cogitatur,
541 3281 643 3343 eaque
665 3258 816 3324 condicio
838 3259 945 3347 posita
973 3275 1021 3325 est
1042 3257 1131 3323 haud
1155 3258 1259 3325 dubie

183 3358 220 3424 in
247 3357 298 3423 rei
328 3358 557 3451 disceptandae
586 3357 726 3426 ratione.
776 3360 863 3425 Nam
892 3385 974 3446 quae
1002 3360 1102 3448 plana
1123 3375 1260 3427 suntet

182 3459 296 3525 facilia
322 3459 362 3524 ad
391 3459 662 3547 disceptandum,
694 3461 734 3525 cle
756 3461 809 3527 his
831 3462 931 3527 etiam
958 3462 1103 3552 injurato
1125 3462 1260 3529 arbitro

182 3559 397 3649 pronuntiare
427 3559 559 3627 licebit:
598 3561 635 3626 iu
663 3562 903 3629 difficilioribus
932 3579 1042 3629 autem
1064 3578 1095 3628 et
1116 3562 1262 3630 intrica-

182 3660 323 3728 tioribus
351 3684 491 3746 aequum
524 3676 572 3729 est
601 3662 713 3753 jurare
746 3666 910 3731 arbitrum
945 3689 980 3731 se
1009 3664 1192 3751 diligenter
1218 3690 1261 3731 ac

182 3759 340 3845 religiose
366 3762 402 3827 in
424 3786 521 3828 cansa
549 3767 775 3849 cognoscenda
796 3783 963 3834 versatum
986 3765 1157 3833 exanimi
1179 3791 1261 3834 scn-

183 3862 284 3926 tentia
311 3864 601 3950 pronuntiaturum
628 3890 711 3933 csse.
762 3865 918 3934 Getarum
940 3870 980 3934 de
1009 3870 1262 3936 constructione

183 3961 227 4027 ol.
244 3962 343 4029 etiam
356 3961 541 4031 Hermann.
561 3967 602 4031 ad
620 3966 738 4054 Vigor.
756 3994 792 4055 p.
810 3970 887 4036 830.
902 3969 1029 4057 Reisig.
1049 3969 1089 4036 de
1105 3968 1144 4034 δν
1167 3986 1259 4063 part.

182 4086 216 4151 p.
234 4062 308 4129 106.
333 4063 454 4132 lllatth.
476 4088 529 4150 gr.
556 4066 616 4134 Gr.
642 4093 675 4157 p.
694 4071 791 4136 1019.

266 4161 320 4239 οὓς
336 4163 395 4247 ἐγώ
411 4165 590 4250 προῦβαλον
603 4206 657 4235 ·-.
680 4169 819 4240 Videtur
832 4171 946 4277 utique
962 4170 1191 4260 προύβαλόμην
1206 4177 1262 4243 le·
