2632 4800
194 259 257 322 172
554 251 601 318 ΙΝ
624 248 904 331 ommonem

192 424 287 505 ribus,
308 420 509 500 defenderit,
540 420 628 486 bona
645 443 761 486 eorum
778 416 1031 504 diligentissime
1053 414 1271 485 comininum

192 524 298 609 verit,
327 524 479 612 ipsosque
505 544 636 588 summa
662 543 793 610 semper
819 518 1044 588 benivolentia
1071 531 1104 584 et
1129 518 1269 586 caritate

111 702 114 709 ¹
192 649 272 716 prae
313 623 429 691 ceteris
462 622 620 709 cognatis
650 623 824 711 amplexus
861 621 922 702 sit;
958 634 1125 710 postremo
1163 644 1270 708 quum

192 740 378 816 aegrotaret
411 730 616 811 mortemque
635 722 915 812 appropinquare
948 721 1103 817 sentiret,
1138 722 1269 790 rescin-

194 829 294 895 dendi
323 826 511 894 testamenti
539 848 637 891 causa
664 825 838 892 mandasse
865 822 1068 913 Posidippo,
1095 836 1133 888 ut
1158 847 1268 890 unum

193 955 211 995 e
232 927 498 1014 magistratibus,
525 927 610 1016 apud
633 949 714 1013 quos
734 925 819 991 illud
843 918 1028 1016 depositum
1048 938 1136 1008 erat,
1165 925 1207 991 ad
1230 948 1268 992 se

167 1036 384 1112 arcesseret,
416 1029 502 1115 quod
525 1052 628 1115 quum
657 1027 716 1093 ille
738 1052 806 1093 non
835 1039 1007 1113 exsecutus
1028 1041 1130 1111 esset,
1163 1026 1265 1093 Cleo·

192 1156 334 1225 nymum
360 1130 451 1196 idem
477 1129 709 1218 inposterum
736 1128 825 1194 diem
845 1128 961 1196 Diocli
981 1130 1173 1211 mandasse,
1206 1131 1265 1227 sed
1302 1176 1305 1181 -

189 1233 345 1323 proxima
375 1245 468 1297 nocte
496 1230 605 1296 subita
632 1247 738 1297 morta
770 1231 988 1321 interceptum
1021 1253 1103 1300 esse.
1123 1264 1169 1282 ’-
1197 1228 1265 1299 His

190 1359 292 1422 quum
313 1332 496 1400 adversarii
517 1346 678 1421 reponant
699 1329 922 1423 Cleonymum
944 1345 1173 1399 testamentum
1193 1356 1265 1399 nou

190 1435 378 1503 rescindere
407 1435 464 1500 sed
496 1434 664 1519 corrigere
692 1448 724 1499 et
750 1433 859 1521 magis
880 1437 1076 1500 confirmare
1103 1434 1264 1514 voluisse,

189 1562 254 1625 quo
286 1536 461 1602 certiorem
490 1534 572 1624 ipsis
602 1535 820 1602 hereditatem
852 1535 1074 1622 relinqueret,
1109 1532 1178 1602 'hoc
1210 1537 1266 1603 illi

188 1663 324 1729 prorsus
345 1637 540 1704 incredibile
563 1661 633 1705 esse
654 1638 891 1703 demonstrant.
939 1636 1027 1726 Ipsis
1049 1637 1141 1704 enim
1163 1636 1267 1707 Cleo-l

188 1765 329 1830 nymuym
352 1764 454 1826 quum
475 1754 588 1823 antea,
624 1753 696 1804 tum
716 1738 832 1804 mortis
853 1754 1001 1827 tempore
1022 1739 1264 1808 amicissimum

187 1843 312 1924 fuisse,
340 1864 455 1906 eorum
478 1856 605 1922 autem,
637 1839 750 1926 quiin
772 1854 965 1907 testamento
986 1841 1125 1907 heredes
1146 1840 1266 1930 scripti

189 1956 314 2025 essent,
337 1942 507 2008 nonnullis
518 1941 803 2022 inimicissimum
826 1965 974 2008 summae
985 1956 1095 2009 autem
1111 1942 1265 2012 insaniae

188 2067 276 2127 esse,
306 2042 429 2110 amicos
446 2059 478 2109 et
491 2042 688 2130 cognatione
708 2043 880 2131 proximos
893 2044 1043 2127 laedere,
1070 2043 1113 2109 iis
1136 2060 1265 2127 sutem,

187 2168 269 2232 quos
291 2144 423 2229 oderis,
452 2146 658 2211 benefacere.
703 2144 834 2230 Quodsi
854 2146 942 2211 hanc
965 2142 1143 2237 Gleonymi
1163 2172 1266 2215 men·

187 2260 255 2312 tem
281 2246 384 2313 luisse
416 2246 636 2330 contendant,
667 2244 822 2340 insanum
853 2271 930 2313 eum
960 2246 1064 2314 fuisse
1094 2262 1264 2339 oportere,

186 2363 225 2414 nt
250 2349 310 2415 vel
326 2361 462 2437 propter
487 2348 574 2427 hanc
595 2370 730 2415 causam
756 2360 987 2415 testamentum
1007 2348 1078 2439 ejus
1099 2373 1119 2414 a
1138 2349 1266 2441 judiciq

188 2451 250 2516 bns
271 2449 415 2516 rescindi
441 2473 503 2540 par
524 2448 579 2515 sit.
600 2484 645 2503 -κ
671 2447 822 2515 Omnino
844 2464 953 2516 autem
973 2449 1010 2515 iu
1031 2450 1264 2542 adjudicandis

187 2551 428 2618 hereditatibus
455 2549 632 2616 meliorem
660 2572 777 2615 eorum
804 2574 938 2618 causam
957 2552 1068 2619 videri
1093 2570 1264 2643 oportere,

187 2653 244 2741 qui
266 2678 311 2720 ex
331 2651 527 2739 cognatione
549 2675 647 2738 quam
670 2650 727 2736 qui
748 2674 792 2716 cx
813 2667 1006 2719 testamento
1026 2669 1149 2744 petent.
1194 2652 1264 2726 llla

86 2754 97 2777 '⁸
186 2755 275 2820 enim
291 2755 397 2841 qualis
419 2753 462 2820 'sit
468 2800 480 2837 ,
504 2755 545 2818 ab
568 2751 722 2819 omnibus
744 2752 842 2818 facile
860 2754 1003 2842 perspici
1018 2780 1132 2844 posse,
1159 2763 1264 2828 testa4

185 2871 298 2923 menta
327 2871 437 2922 autem
465 2878 700 2944 saepenumero
729 2854 830 2921 etiam
850 2857 935 2922 false
955 2857 1119 2945 proferri,
1146 2863 1265 2931 omni·

185 2981 294 3044 noque
327 2959 368 3023 de
399 2958 473 3043 his,
495 2971 601 3031 ‚recte
631 2979 675 3023 an
703 2979 797 3025 secus
821 2959 987 3045 habeant,
1022 2960 1264 3035 difficillimum

186 3082 255 3126 esse
276 3056 449 3147 judicium.

270 3159 363 3229 Haec
389 3162 461 3226 fere
489 3175 537 3229 est
565 3184 695 3228 summa
723 3185 856 3248 eorum,
885 3189 969 3252 quae
995 3163 1080 3257 juris
1106 3168 1161 3234 sui
1180 3196 1263 3260 pro-

184 3261 289 3329 bandi
311 3285 408 3327 causa
421 3262 463 3328 ab
484 3265 651 3331 actoribus
659 3267 689 3352 *)
711 3266 945 3354 proferuntnr3
972 3292 1055 3354 quse
1076 3269 1158 3356 quin
1180 3275 1263 3341 satis

184 3364 298 3431 valida
318 3363 393 3430 visa
414 3363 482 3429 sint
501 3365 623 3434 Atticis
644 3366 828 3458 judicibus,
855 3393 924 3434 non
946 3385 994 3436 est
1017 3372 1104 3457 quod
1126 3373 1273 3443 dubite··

184 3490 274 3548 mus3
308 3466 384 3554 plus
406 3464 497 3531 enim
518 3467 588 3533 lere
610 3469 695 3557 apud
718 3470 779 3534 hos
801 3471 947 3558 aequitas
968 3497 1067 3559 quam
1090 3497 1263 3547 summum

181 3567 266 3633 illud
289 3566 341 3659 jus
368 3567 517 3651 valebat,
553 3571 639 3654 quod
661 3594 899 3658 nonnunquam
927 3597 1090 3655 summam
1113 3600 1185 3643 esse
1206 3578 1263 3647 in·

182 3666 307 3755 juniam
333 3692 376 3733 ne
403 3666 479 3735 thi
506 3670 639 3757 quidem
667 3673 858 3742 diffitentur.
908 3675 1064 3745 Breviter
1090 3693 1204 3747 autem
1230 3694 1264 3749 ot

217 3837 247 3909 l¹)
265 3838 379 3895 Licebit
403 3836 500 3904 enim,
526 3856 634 3912 spero,
661 3850 790 3900 actorem
809 3826 907 3901 dicerb
923 3845 975 3898 τὸν.
995 3848 1120 3914 λέγοντα,
1147 3848 1217 3906 sive
1233 3851 1262 3907 is

251 3924 348 3993 petit,
375 3923 443 3980 sive
468 3931 569 3980 contra
595 3927 719 3984 alterius
736 3928 916 3999 petitionem
933 3933 980 4001 ins
998 3948 1084 3989 snum
1103 3933 1260 4008 defendit3

254 4008 351 4077 quod,
378 4007 451 4064 licet
459 4014 661 4067 Romanorum
678 4015 747 4069 ursui
764 4032 827 4070 non
846 4024 1083 4073 corrseutaneum
1091 4058 1104 4088 ,
1129 4036 1194 4074 non
1211 4039 1260 4077 re·

253 4098 365 4162 pugnat
382 4098 481 4155 tamen
499 4096 648 4167 genuinae
665 4099 804 4155 vocabuli
822 4101 1046 4173 significationi.
1081 4108 1186 4175 ltaque
1203 4106 1261 4163 huo

254 4174 393 4231 libertate
411 4176 499 4234 etiarn
516 4178 547 4236 iu
565 4198 672 4239 comm.
691 4182 723 4239 in
739 4185 873 4257 reliquas
890 4194 979 4245 oratt.
997 4197 1077 4247 utar.
