2632 4800
501 1352 546 1407 IN
571 1348 853 1410 ΟΒΔΤΙΟΝΕΜ
877 1351 928 1408 IV.

91 1452 94 1457 ’
241 1484 314 1553 on
356 1480 729 1554 uscosrssrr
769 1483 1191 1554 nnsnulrsrs.

586 1697 851 1740 PMMMIUM·

90 1944 94 1951 ο
178 1828 395 1927 Nicostratus
412 1857 548 1946 quidam
564 1858 816 1950 Thrasy-machi
835 1856 925 1926 filius
945 1879 1086 1948 peregre
1104 1857 1263 1927 militans

178 1977 321 2029 mortem
336 1961 420 2029 obiit
434 1960 551 2027 relicta
567 1961 710 2028 duorum
730 1963 931 2028 talentorum
952 1959 1152 2044 hereditate,
1173 1983 1291 2051 quao-

180 2087 283 2151 quum
302 2086 364 2152 per
383 2063 474 2149 leges
496 2064 539 2128 acl
554 2063 728 2151 proximos
743 2078 919 2148 cognatos,
946 2062 1148 2149 Hagnonern
1169 2061 1262 2153 ejus·

180 2188 244 2252 que
268 2165 409 2230 fratrem
439 2163 693 2251 Hagnotheum,
725 2163 905 2232 Nicostrati
932 2166 1119 2255 patrueles,
1153 2162 1263 2252 perti·

179 2280 294 2350 neret,
324 2265 379 2333 his
401 2289 420 2333 a
440 2266 558 2341 multis
579 2268 806 2334 controversia
826 2283 917 2334 mota
938 2281 1007 2352 est,
1035 2288 1178 2354 quorum
1199 2264 1263 2331 alii

180 2368 258 2436 aliis
278 2367 386 2434 causis
407 2368 588 2457 praetextis
618 2367 837 2435 hereditatem
857 2368 924 2436 sibi
944 2369 1060 2436 deberi
1080 2368 1269 2435 contende·

179 2485 268 2538 rent.
297 2469 376 2536 -His
397 2485 508 2537 autem
521 2469 676 2542 omnihus
696 2470 797 2536 facile
818 2470 961 2561 repulsis
982 2485 1150 2560 postremo
1166 2466 1267 2536 Cha·

67 2640 74 2653 ,
180 2573 290 2641 riatles
312 2571 447 2658 quidam
480 2569 749 2656 παρακαταβολὴν
779 2573 889 2661 posuit
909 2572 1195 2657 hereditatemque
1216 2595 1272 2637 ex

180 2689 375 2751 testamento
396 2672 490 2762 petiit
498 2675 541 2759 ⁶).
584 2673 660 2740 Hoc
687 2672 726 2768 in
747 2675 925 2742 certamine
947 2673 1108 2761 Hagnoni
1131 2687 1164 2754 et
1185 2672 1261 2739 Ha·

180 2777 325 2864 gnotheo
347 2774 443 2841 offuit
460 2774 586 2841 amicus
602 2775 756 2862 quidam,
784 2800 882 2863 quem
901 2777 1047 2844 Graecus
1069 2772 1262 2862 argumenti

180 2875 322 2966 scriptor
354 2876 485 2943 Isaeum
516 2877 627 2966 ipsum
656 2877 759 2944 fuisse
788 2892 956 2963 autumat,
996 2877 1054 2965 qui
1083 2892 1257 2966 postquem

180 2977 236 3045 illi
255 2991 370 3044 contra
392 2975 593 3044 Chariadem
613 2994 827 3069 perorarunt,
859 2979 998 3065 ἐπίλογον
1020 2978 1176 3064 dicitu),
1204 3002 1257 3048 ar·

181 3093 401 3168 gumentuque
427 3078 465 3145 in
492 3079 604 3170 priore
633 3082 783 3150 oratione
814 3082 982 3173 proposita
1003 3079 1128 3170 partim
1150 3081 1257 3146 denuo

180 3179 328 3250 breviter
348 3197 542 3268 percenset,
577 3184 700 3272 purtim
722 3185 822 3253 etiam
842 3185 950 3272 magis
971 3183 1129 3250 illustrat.
1173 3181 1259 3249 Nam

181 3284 338 3374 pleraque
365 3280 479 3347 omnia
508 3282 605 3350 illinc
626 3287 765 3376 repetita
787 3311 857 3354 esse
885 3287 942 3354 vel
970 3308 1073 3351 exeo
1096 3285 1179 3350 satis
1201 3307 1259 3373 up·

181 3399 293 3473 paret,
321 3383 409 3471 quod
435 3383 525 3450 nihil
556 3388 694 3456 omnino
721 3412 856 3472 eorum,
886 3411 969 3475 quae
989 3386 1026 3453 in
1047 3401 1161 3453 nostra
1184 3374 1260 3452 ora·

181 3484 273 3552 tione
292 3486 527 3576 proferuntur,
553 3488 690 3559 testibus
704 3489 875 3580 productis
895 3490 1073 3580 probatum
1093 3487 1261 3573 videmus,

182 3586 277 3677 cujus
302 3587 354 3654 rei
382 3611 452 3655 non
482 3588 550 3655 elin
571 3613 670 3657 causa
691 3616 762 3659 esse
782 3591 906 3682 potuit,
937 3614 1036 3678 quarn
1058 3591 1145 3678 quod
1168 3589 1262 3657 testi·

181 3689 296 3761 monis
330 3689 443 3757 omnia
472 3688 543 3781 jam
573 3708 650 3760 ante
679 3692 845 3782 judicibus
876 3692 1045 3783 proposita
1077 3693 1260 3779 eranum)

184 3786 324 3873 Summa
345 3806 456 3859 autem
475 3793 577 3861 totius
598 3793 757 3862 orationis
779 3797 861 3862 hacc
882 3810 944 3862 est.

203 3945 403 3958 ῌ

218 4025 248 4094 “)
265 4029 313 4082 De
328 4031 535 4102 παρακαταβολῇ
552 4028 617 4089 vid.
636 4033 674 4089 de
691 4033 758 4089 ord.
777 4033 840 4104 iud.
858 4051 888 4104 p.
906 4034 967 4090 ott.
987 4049 1060 4103 sqq.-

219 4126 576 4204 mmmmm

220 4227 284 4297 m)
304 4229 351 4284 Gi.
370 4231 400 4298 ξ.
420 4234 454 4288 18
472 4241 554 4291 extr.
573 4242 604 4291 et
622 4237 657 4292 20
672 4235 715 4291 in.
