2632 4800
527 72 532 79 ,
629 34 646 73 l

269 295 333 367 on
356 293 544 369 ontoms
564 290 890 368 numerumn.
1052 254 1142 369 ἐει
1235 385 1241 392 ,

83 466 214 536 nationi
244 465 350 535 iidem
378 465 434 534 illi
465 478 563 533 testes
599 423 768 549 adessent,
805 425 864 553 qui
890 466 942 533 se
952 488 1007 534 ros
1033 465 1123 549 illas,

104 569 227 659 quibus
256 571 437 656 agebatur,
464 582 640 636 testaturos
669 567 810 655 professi
838 582 946 637 erant.
977 565 1070 635 Hi
1056 569 1125 656 rgi-

83 691 97 732 r
119 694 224 759 quum
244 672 364 738 adsunt
385 669 617 759 provocationi
638 669 772 761 ejusque
793 666 859 755 ipsi
880 669 1130 756 quodammodo-

83 772 222 863 rticipes
251 775 356 859 fiunt,
383 773 597 839 manifestum
629 772 693 838 huo
722 771 795 858 ipsa
824 794 862 837 re
889 770 1125 840 documentum

84 888 167 959 unt,
199 873 264 942 sibi
296 875 337 942 de
357 876 497 943 veritate
524 897 639 943 earum
661 897 800 955 rerum,
831 895 912 959 quas
933 872 1126 941 testimonio
1250 918 1253 923 -

83 995 103 1038 o
125 977 355 1044 confirmaturi
375 992 464 1062 sunt,
491 975 573 1041 adeo
593 988 790 1065 persuasum
810 997 905 1059 esse,
931 988 1059 1041 utnon
1079 975 1124 1041 ti-

83 1091 157 1145 ιιιιιι
165 1123 178 1158 ,
207 1101 251 1143 ne
266 1079 442 1145 contrariis
456 1100 630 1145 servorum
641 1075 776 1142 indiciis
788 1072 955 1141 mendacii
976 1099 1124 1164 arguen-

83 1198 111 1245 t·-
153 1177 221 1246 Hic
250 1193 321 1245 erat
348 1180 453 1266 igitur
480 1178 539 1245 ille
560 1175 694 1263 ἔλεγχος,
725 1201 823 1265 quern
846 1177 920 1243 dari
941 1200 961 1243 a
983 1176 1122 1243 testibus
1168 1186 1171 1195 '

82 1274 115 1347 is
136 1294 228 1347 actor
254 1282 362 1349 voluit
382 1305 447 1368 quo
477 1280 585 1367 magis
611 1280 737 1372 judices
758 1277 907 1346 fidem”
880 1302 924 1345 us
945 1278 1120 1349 haberent.

83 1378 235 1468 >demque
262 1383 361 1479 modo
382 1383 558 1473 Lycurgus
591 1406 663 1472 cap.
686 1384 726 1449 9·
766 1376 855 1464 οἶμαι
885 1381 966 1461 δεῖν,
1000 1379 1122 1466 inquit,

83 1473 183 1557 &c‘
135 1507 302 1574 μαρτνρας
322 1483 366 1568 μὴ
389 1481 550 1560 δώσοντας
570 1481 690 1609 ἔλερχον
709 1489 898 1567 μαρτυρεῖν,
926 1479 1007 1547 322&
1028 1483 1123 1547 dedor-
1149 1532 1152 1537 -

83 1602 150 1661 τας.
198 1582 470 1671 Παρεκαλεσοὶμην
491 1585 555 1673 γὰρ
587 1583 717 1660 αὐτοὺς
729 1580 965 1670 πρόκλησιν-
993 1578 1123 1671 γράψας
1226 1580 1231 1589 ’
1268 1584 1276 1613 s

83 1680 195 1763 ΜΓ
140 1688 213 1763 ξιων
238 1687 415 1768 βασανίζειν
445 1684 519 1763 τοὺς
548 1683 661 1752 σοι’τοα
690 1687 821 1760 οἰκέτας.
872 1682 921 1753 Η.
944 1709 974 1753 e.
996 1687 1122 1751 Adesse

83 1782 123 1872 ibi
147 1811 199 1853 eos
215 1787 318 1874 jassi,
351 1813 443 1875 quum
466 1812 680 1883 provocarem
700 1788 916 1855 udoerean'um
944 1787 992 1853 od
1019 1810 1121 1852 servm

83 1866 253 1959 titaneos.
296 1888 455 1979 Pinzgeri
483 1890 525 1958 ad
553 1888 590 1959 h.
620 1891 647 1957 Ι.
677 1889 884 1979 imperitiam
903 1912 973 1955 non
993 1889 1121 1972 miror;

96 1990 187 2059 onim
216 1996 470 2081 παρακαλεῖσθαι
498 1993 590 2060 idem
617 2015 688 2061 etse
709 2007 820 2080 putat,
853 1991 941 2078 quod
961 1995 1122 2077 προκαλεῖ-

83 2094 144 2175 ταις
172 2093 229 2160 sed
251 2093 425 2162 Blumium
454 2095 561 2162 miror
588 2108 760 2184 tantopere
788 2093 865 2160 salli
894 2093 1058 2183 potuisse,
1085 2106 1123 2161 ut
1211 2124 1220 2148 ·

83 2217 114 2260 tn
134 2195 199 2261 hoo
220 2196 329 2262 solum
350 2195 518 2285 Pinzgero
540 2198 710 2278 crederet,
737 2194 795 2264 sed
817 2195 917 2262 etiam
940 2209 1059 2278 testes,
1081 2194 1122 2262 de

83 2295 163 2363 tibus
188 2295 366 2387 Lycurgus
393 2298 562 2385 loquitur,
598 2322 668 2365 non
698 2298 783 2366 alios
810 2319 1001 2384 essequam
1032 2297 1122 2385 ipsos

83 2396 227 2465 ¹versarii
254 2421 368 2465 servos
397 2399 436 2465 in
457 2399 682 2486 quaestionem
702 2400 884 2487 postulatos
913 2397 1119 2484 opinaretur.

128 2504 163 2579 9.
187 2498 241 2567 11.
273 2496 391 2583 ταύτην
420 2498 478 2584 τὴν
507 2501 695 2586 μαρτυρίαν.
737 2498 785 2567 Η.
808 2524 839 2568 ε.
862 2522 925 2585 qua
946 2500 1120 2585 probatur,

83 2599 251 2669 versarios
271 2625 350 2670 vere
370 2616 567 2692 provocatos
588 2624 659 2671 esse
677 2602 719 2669 ab
733 2617 843 2671 actore
860 2600 902 2669 ad
923 2623 1039 2669 servos
1059 2599 1123 2667 ex·'

83 2702 220 2769 bendos.

129 2802 168 2891 ᾖ.
191 2798 285 2871 12.‘
267 2812 354 2888 ομεΐς
373 2805 430 2891 μὲν
450 2807 556 2874 τοινον
566 2802 631 2874 καὶ
651 2807 699 2874 id!
695 2832 717 2896 ρ
684 2804 791 2872 [καὶ
811 2803 949 2894 δημοσίᾳ
974 2803 1119 2887 βάσανον

83 2906 266 2993 ριβέστατον
288 2906 406 2992 ἔλεγχον
427 2911 561 2993 νομιζετε
575 2949 629 2976 -.
651 2910 802 2979 Eandem
822 2906 1020 2975 sententiam
1041 2933 1120 2975 ver·

83 3032 95 3073 s
116 3007 189 3075 fero
208 3007 336 3076 iisdem
350 3035 541 3100 expressam
562 3013 689 3103 profert
708 3010 885 3078 Demosth.
908 3022 994 3077 oret.
1015 3008 1033 3077 l
1057 3025 1118 3078 etr.

83 3123 184 3176 oetor.
200 3135 234 3200 p.
251 3111 327 3179 874.
346 3136 408 3179 nec
420 3114 532 3181 minus
547 3115 681 3196 diserto,
709 3135 908 3202 quamquem
926 3111 994 3179 alio
1007 3112 1119 3197 modo,

83 3211 209 3298 ›quitur
235 3211 404 3308 Isocrates
429 3215 604 3303 Trapezit.
636 3239 708 3303 cap.
731 3218 788 3299 27,
815 3204 896 3301 quos
924 3214 1016 3281 iocos
1043 3238 1120 3281 oum

83 3336 106 3379 ιο
123 3328 235 3383 nostro
250 3315 389 3382 contulit
402 3315 470 3408 jam
479 3316 692 3409 Porphyrius
707 3317 794 3407 apud
807 3314 990 3383 Eusebium
997 3315 1117 3407 Praep-

83 3438 163 3503 ang.
191 3417 244 3497 X,
266 3419 288 3482 3
314 3442 348 3506 p.
381 3416 463 3486 466:
502 3417 543 3483 u&
577 3420 646 3506 rupi
680 3415 830 3502 βασάνων
863 3416 1008 3503 εἰρημένα
1038 3418 1118 3502 παρ’

83 3516 149 3604 'alp
176 3516 209 3583 do
235 3523 281 3605 τῷ
309 3520 460 3605 περὶτοῦ
490 3520 635 3607 Κίρωνος
666 3521 783 3608 (vulgo
810 3516 974 3605 Κύλωνος)
1004 3518 1118 3604 κλήρου

83 3618 93 3680 i
122 3615 209 3711 νραρὰ
234 3617 410 3707 Ἰσοκράτει
439 3620 471 3687 ἓν
502 3627 548 3709 τῷ
577 3624 778 3710 τραπεζιτοιῷ
807 3631 919 3702 κεῖται,
950 3620 1003 3702 ναὶ
1030 3620 1116 3706 παρὰ

83 3720 241 3817 ρμοσθένει
266 3721 300 3789 ἐν
328 3729 375 3811 τῷ
403 3720 477 3789 κατ’
506 3721 681 3812 Ὀνήτορος
700 3722 828 3809 ἐξούλης
849 3719 959 3806 σχεδὸν
980 3721 1033 3787 διὰ
1055 3728 1118 3789 τῶν

83 3825 144 3901 τῶν
165 3820 295 3907 εἴρηται.
345 3825 460 3914 Neque
481 3826 627 3893 dubitari
655 3842 780 3917 potest,
812 3823 1117 3913 quin-Demosthe·
1227 3816 1235 3909 ι’

83 3946 97 3990 ι
126 3936 160 3989 et
190 3924 246 3992 hio
274 3939 307 3992 et
333 3951 434 4016 supra
455 3929 491 4015 ᾗ.
514 3926 590 3996 ‘iet
608 3928 631 3998 5
652 3952 721 3995 non
743 3951 821 3994 essu
841 3941 911 3993 tam
931 3924 1053 3994 similis
1074 3927 1119 3993 sit

83 4023 209 4111 rgistri,
241 4028 298 4094 sed
321 4029 420 4118 hujus
440 4032 546 4096 verba
566 4045 715 4119 repetere
736 4028 899 4115 voluerit,
921 4041 959 4095 ut
980 4029 1021 4094 ad
1043 4052 1118 4094 rem

83 4148 133 4192 om
156 4129 497 4197 accommodatissima
508 4155 518 4213 3
551 4131 829 4218 quemadmodum
843 4128 946 4196 etiam
966 4129 1026 4195 alii
1048 4152 1116 4195 non

83 4249 117 4311 to
138 4227 285 4299 aliorum
305 4231 393 4301 diota
413 4246 472 4299 aut
497 4233 619 4302 iisdem
638 4233 752 4303 verbis
774 4246 831 4301 aut
850 4229 972 4298 leviter
992 4230 1116 4299 inunu-
1151 4306 1155 4317 Ι

864 4332 908 4401 2⁵
1001 4349 1004 4355 .
