2632 4800
271 284 336 351 on
356 226 671 356 otdmooants
691 278 1012 391 Honmlrsrs.
1113 298 1177 363 309

87 506 90 511 .
185 452 263 527 αὔθ’
291 452 385 543 ἑτάρῳ
412 455 623 539 συμβέβληκεν
643 496 696 522 -.
739 456 814 523 Hoc
843 460 883 525 de
913 461 1171 551 syntrierarchia

98 554 347 643 accipiendum,
378 581 479 643 quum
501 558 589 623 binis
609 558 803 624 hominibus
823 561 975 647 singulae
996 586 1097 630 naves
1118 563 1173 628 in-

96 658 276 723 struendae
304 657 588 742 attribuebantur,
628 684 693 746 qua
720 660 760 724 de
787 684 823 725 re
850 661 920 727 vid.
948 662 1100 729 Boeckh.
1134 666 1173 729 de

95 782 215 825 oecon.
236 782 267 825 r.
289 784 323 847 p.
341 760 386 825 Α.
405 758 441 825 ll
454 785 488 848 p.
506 762 560 826 89.
573 760 656 852 Lys.
678 762 716 825 in
729 760 904 846 Diogiton.
926 765 1049 850 post:
1081 755 1173 840 οὗτος

94 858 160 944 γάρ
187 865 441 945 συντριηραρχῶν
467 860 596 936 Ἀλάξιιλι
621 867 666 948 τῷ
692 861 905 946 Ἀριστοδίκου
932 861 1061 947 φάσκων
1089 868 1171 931 δυεῖν

94 958 230 1036 δεσάσας
243 958 430 1045 πεντήκοντα
446 968 527 1045 μνᾶς
542 963 645 1051 ἐκείνῳ
658 964 878 1046 συμβαλέσθαι
893 1003 948 1030 -.
969 966 1017 1032 ib.
1039 992 1072 1055 p.
1087 968 1168 1035 909:

92 1062 250 1145 τέτταρας
277 1066 329 1127 καὶ
360 1062 454 1128 εἴκοσι
474 1070 555 1145 μνᾶς
575 1065 678 1152 ἐκείνῳ
700 1066 920 1147 συμβαλέσθαι
942 1069 984 1142 εἷς
1003 1067 1062 1150 τὴν
1082 1093 1170 1152 τριη-

93 1167 242 1259 ραρχζαν.
300 1165 462 1233 Activum
497 1181 607 1232 autem
641 1164 828 1249 συμβάλλειν
857 1169 921 1234 hoc
952 1170 1174 1235 contribuendi

80 1262 196 1340 ,senon
216 1268 318 1353 longe
339 1267 547 1332 rarissimum
569 1283 634 1349 est;
661 1284 752 1334 extat
776 1285 886 1335 tamen
907 1272 1046 1336 sortasse
1068 1270 1168 1336 etiam
1254 1312 1257 1321 ·

94 1368 186 1457 apud
212 1368 408 1459 Lycurgum
435 1368 471 1432 in
498 1368 649 1433 Leocrat.
679 1393 750 1458 cap.
774 1371 816 1436 15
842 1371 910 1438 in.:
944 1370 1009 1454 ἥξει
1039 1370 1073 1434 δὲ
1093 1370 1168 1447 ἴσως

92 1468 149 1535 ἐπ’
177 1469 291 1535 ἐκεῖνον
315 1469 371 1535 τὸν
407 1467 499 1554 λόγον
532 1466 699 1555 φερόμενος
704 1519 716 1549 ,
750 1471 785 1536 ὃν
819 1471 904 1559 nitigi
938 1471 1171 1556 συμβεβλήκασί

91 1596 176 1647 τινες
205 1576 269 1637 τῶν
296 1569 476 1657 συνηγόρων
497 1609 540 1620 -
560 1573 596 1638 h.
621 1597 650 1637 e.
682 1574 728 1637 ad
747 1599 817 1637 cum
837 1577 1072 1641 excusationem
1092 1600 1167 1641 con-

88 1672 217 1757 fitgt'et,
252 1699 345 1758 ριιαιιι
365 1674 513 1741 ἰιααιιιιλῑὶ
538 1699 556 1739 c
582 1674 794 1757 defensoribus
821 1689 970 1759 τααιμιαιιι
997 1679 1166 1763 αμαόοῑαια

90 1776 385 1861 eionppeditcrnnt.
428 1774 652 1897 Melior-§certe
669 1776 751 1841 haec
764 1777 943 1865 explicatio
966 1778 1044 1862 illa,
1067 1803 1166 1865 quam

90 1876 349 1965 Hauptmannus
379 1877 549 1965 proposuit
577 1892 840 1962 „composuerunt
860 1915 904 1926 -
929 1893 965 1943 nt
985 1881 1064 1945 Lot.
1089 1905 1165 1945 con·

78 1978 191 2065 Ιφ’ἰοινα
215 1979 249 2043 in
276 1978 422 2043 chartam
442 1982 531 2057 —-,“
568 1970 667 2066 ipram
694 1979 829 2045 Blumio
861 1981 997 2069 probari
1018 1981 1164 2070 potuisse

89 2102 294 2167 magnopere
316 2079 432 2147 miror.
456 2074 458 2079 ’
477 2079 542 2147 Sed
565 2106 682 2157 verum
705 2081 849 2147 arbitror
871 2080 1163 2163 συμβεβοολεάκασι,

92 2182 182 2268 quod
194 2180 371 2247 Bckkerus
393 2207 437 2247 cx
458 2182 591 2271 optimis
607 2182 773 2249 codicibus
794 2184 953 2272 reposuit.
995 2183 1068 2287 Epo
1083 2180 1164 2249 olim

92 2283 301 2371 conjeceram
327 2280 569 2369 ὑποβεβλήιιασι.
590 2320 633 2333 -—
667 2282 823 2349 Ceterum
852 2285 952 2350 etiam
979 2288 1082 2351 altera
1104 2286 1163 2350 illa

91 2385 294 2469 conjectandi
312 2384 509 2471 significatio
527 2385 606 2451 licet
628 2385 737 2451 medio
760 2385 997 2466 συμβάλλεσθαι
1016 2387 1163 2452 maxime

90 2485 227 2575 propria
241 2485 301 2569 sit,
330 2504 440 2555 tamen
457 2488 497 2551 ab
516 2488 623 2553 activo
646 2483 832 2567 συμβάλλειν
852 2512 921 2552 non
935 2490 1033 2576 plane
1054 2488 1162 2554 aliena
1207 2538 1215 2549 .

91 2604 153 2655 est.
176 2587 255 2657 Vid.
280 2586 435 2655 Greuzcr.
460 2586 590 2653 Gomm.
615 2587 786 2653 Herodott.
809 2613 843 2676 p.
866 2592 941 2656 303.

79 2692 83 2698 ’
177 2689 246 2753 ἀλλ’
276 2690 372 2776 ἕτεροι
401 2692 457 2772 μὲν
480 2728 522 2742 -
542 2694 773 2772 τριηραρχαῦσι.
830 2687 926 2754 (lons.
949 2687 1100 2755 Bocckh.
1122 2690 1162 2755 dc

91 2814 207 2857 oecon.
230 2816 259 2857 r.
275 2817 308 2879 p.
326 2792 370 2857 A.
384 2790 419 2859 ll
434 2818 467 2881 p.
479 2792 552 2858 121.
597 2789 640 2855 Et
662 2790 701 2854 de
722 2790 791 2873 μὲν,
824 2789 877 2854 cui
898 2814 966 2854 non
988 2791 1162 2877 respondet

92 2894 142 2971 δέ,
172 2894 241 2961 vid.
260 2892 475 2977 Hoogcvcen.
499 2893 538 2981 de
560 2907 644 2980 part.
666 2916 700 2978 p.
717 2890 781 2957 456
797 2888 934 2958 Schiitz.
955 2887 1091 2957 Scilicet
1110 2906 1161 2957 ta·

91 2994 155 3060 cite
177 2994 322 3084 suppleri
344 3008 465 3080 potest:
495 2987 585 3068 οὗτας
607 2992 639 3056 d'
663 2991 712 3059 αἴν’.

177 3096 214 3183 §.
237 3098 290 3161 37.
313 3098 530 3180 elopopciv—.
552 3097 708 3181 Εἶσραραὶ
728 3095 861 3183 propric
883 3092 1016 3180 quidem
1037 3093 1161 3159 tributa

90 3213 183 3281 sunt,
215 3197 295 3263 belli
323 3213 469 3284 tempore
499 3198 679 3286 imperata,
717 3221 856 3283 quornm
878 3221 976 3262 nemo
1002 3195 1161 3261 immunis

90 3312 162 3365 crat
192 3315 321 3388 praeter
352 3301 457 3387 capite
487 3322 601 3364 censos
634 3299 691 3384 (cf.
714 3297 842 3365 Boeck.
864 3298 891 3363 l.
914 3300 938 3363 l.
967 3324 1001 3386 p.
1024 3298 1045 3363 5
1068 3298 1161 3361 etde
1231 3332 1239 3342 ,

88 3399 202 3465 comit.
231 3425 264 3487 p.
287 3402 396 3485 290.);
429 3426 517 3465 nunc
545 3415 654 3465 antem
687 3401 805 3465 latiore
828 3410 940 3464 'sensu
966 3396 1160 3464 collationes

87 3504 169 3569 illac
191 3502 406 3585 designantur
426 3501 652 3584 voluntariae,
681 3526 764 3588 quae
785 3501 919 3590 proprie
941 3495 1088 3573 ἐπιδόσεις
1109 3499 1160 3563 di·

87 3617 230 3683 cuntur,
252 3603 423 3688 dequibus
445 3603 515 3669 vid.
536 3627 617 3689 quae
640 3604 725 3668 dicta
748 3619 824 3670 sunt
840 3604 879 3667 de
893 3601 1007 3666 comit.
1031 3623 1067 3685 p.
1080 3601 1159 3666 292.

84 3704 179 3771 Add.
194 3703 332 3770 Herald.
346 3704 569 3771 animadvers.
592 3705 627 3771 in
642 3703 785 3771 Salmas.
808 3730 842 3791 p.
858 3702 933 3769 408.
949 3700 1013 3765 111
1035 3725 1105 3788 sqq.
1116 3737 1160 3751 —·

82 3806 278 3871 Ἐνιέιλωκενε
303 3806 460 3890 professus
481 3821 525 3870 cst
546 3832 579 3870 se
601 3810 803 3884 collaturum,
836 3822 873 3868 ut
901 3803 1046 3887 simplex
1073 3800 1158 3866 dulti-

86 3933 140 3973 ναι
161 3930 397 3992 saepenumero
415 3907 453 3972 de
476 3932 532 3990 eo,
561 3909 673 3992 quise
695 3907 819 3991 aliquid
842 3906 995 3969 daturum
1017 3902 1159 3969 ostendit

85 4024 185 4094 atque
208 4011 322 4091 offert,
354 4009 432 4073 licet
453 4033 522 4073 non
543 4009 596 4073 dat
618 4031 744 4092 reapse.

174 4109 212 4197 ᾗ.
235 4110 289 4189 38.
313 4108 490 4192 ἔμπροσθεν
518 4115 582 4174 τῶν
602 4105 781 4189 ἐπωνύμων.
825 4105 956 4172 Horum
976 4120 1101 4173 statuae
1121 4104 1158 4169 in

85 4212 165 4278 l‘oro
187 4213 366 4278 collocatae
387 4226 481 4276 crant
507 4210 663 4295 (Pausan.
687 4208 716 4294 l,
739 4210 772 4293 5,
797 4211 829 4297 t)
858 4224 889 4276 ct
910 4232 1013 4277 novas
1034 4230 1160 4295 quoque
