2632 4800
166 396 174 425 t
228 359 293 429 DE
314 360 702 433 PHILOGTEMONIS
724 363 1047 441 HEREDITATE
1118 372 1183 439 339

89 530 176 597 olli
197 554 265 598 non
282 545 411 621 poterat
431 530 497 597 nisi
519 553 653 615 eorum,
682 530 843 618 aquibus
863 532 951 600 facta
972 559 1049 603 cum
1060 536 1181 604 Eucte-

89 650 199 699 nonc
235 647 333 719 atque
366 633 511 722 deposita
544 646 635 710 erat,
676 655 853 718 consensu,
892 632 1108 704 Phanostrati
1139 662 1179 705 ac
1310 654 1313 659 '

89 724 287 817 3haereae,
316 732 518 820 quiquidem
538 757 684 800 uxorum
700 746 835 800 suarum
852 756 891 799 ac
911 733 1095 804 liberorum
1116 763 1179 807 no·

89 833 192 900 nine
219 835 324 922 egisse
352 834 462 902 videri
490 835 622 900 debent.
681 834 737 901 Ex
759 834 816 920 his
848 858 935 901 unus
964 861 1053 904 nnnc
1074 841 1177 927 adest,

89 929 365 1027 Phanostratusa
396 933 562 1003 Chaereas
584 936 730 1014 obierat,
766 936 822 1002 sed
843 936 913 1002 filia
935 938 1063 1005 relicta.
1107 941 1176 1008 No·

89 1026 514 1127 gat'igitanythodorus
536 1037 610 1103 tolli
631 1036 818 1126 pactionem
839 1061 951 1126 posse,
988 1038 1055 1105 nisi
1075 1041 1177 1129 hujus

89 1156 230 1226 quoqne
251 1134 376 1223 ιιίριος,
407 1137 464 1224 qni
484 1139 635 1203 nondum
655 1138 850 1205 constitutus
872 1153 959 1224 erat,
989 1144 1177 1209 consensis·

92 1252 163 1304 set.
204 1237 345 1306 Interim
373 1262 425 1323 se,
463 1256 621 1327 quantum
644 1239 778 1327 quidem
800 1240 840 1306 ad
863 1240 1124 1308 Phanostratum
1145 1258 1177 1311 et

90 1330 336 1407 Euctemonem
367 1340 521 1423 attineat,
549 1364 617 1406 non
638 1338 863 1426 intercedere,
891 1365 955 1429 quo
978 1342 1088 1411 minus
1111 1346 1177 1411 tol·
1251 1395 1253 1399 -

99 1432 203 1523 latnr3
238 1456 397 1531 quantum
420 1442 459 1507 ad
485 1440 654 1508 Chaereae
681 1442 788 1508 filiam
810 1442 968 1527 attineat,
998 1461 1176 1534 expectan·
1280 1508 1283 1515 .

107 1535 180 1607 dum
199 1566 290 1627 esse,
322 1543 427 1608 donec
457 1543 557 1636 hujus
587 1540 693 1627 κύριος
714 1542 836 1630 aliquis
859 1545 1055 1612 constitutus
1078 1561 1174 1627 esset.
1223 1590 1225 1595 ν

113 1637 216 1728 Κύριον
250 1659 362 1710 autem
389 1645 425 1710 h.
457 1646 483 1711 l.
507 1669 577 1710 esse
597 1659 738 1711 tutorem
759 1644 839 1712 satis
862 1662 1008 1735 apparet.
1054 1645 1108 1714 Os.
1132 1648 1173 1713 ad

115 1758 154 1808 or.
182 1745 222 1810 de
245 1744 362 1813 Cleon.
390 1746 463 1812 her.
494 1746 608 1834 §.102
637 1745 785 1812 Platner.
815 1743 863 1832 ll,
891 1749 967 1817 275.
988 1783 1033 1809 ··.-
1052 1746 1174 1815 Paullo

115 1856 171 1924 post
186 1844 239 1922 ’ὥς
268 1844 370 1912 οὐκέτ’
400 1845 486 1935 αὐτῷ
513 1837 612 1913 κέοιτο
642 1844 664 1930 ἦ
696 1844 833 1933 decom
862 1863 930 1916 est:
959 1870 1022 1937 nott
1042 1851 1175 1937 tttnpliun

109 1949 196 2012 'lema‘
213 1950 422 2035 repectione.
846 1971 848 1975 “

181 2049 216 2136 9.
239 2052 296 2116 33.
341 2051 374 2113 ἐν
403 2049 579 2138 Σηραγνίῳ.
622 2049 731 2118 Locus
762 2051 819 2117 hic
850 2065 921 2117 erat
952 2051 988 2118 in
1015 2051 1170 2123 Piraeeo.
1220 2137 1222 2141 ι

113 2134 176 2215 lid.
196 2151 396 2237 Harpocrat.
412 2152 510 2218 Phot.
535 2148 633 2221 Suid.
655 2152 691 2219 h.
714 2176 749 2221 v.
771 2153 858 2220 Lex.
874 2150 1011 2241 Seguer.
1034 2180 1067 2243 p.
1085 2157 1171 2225 301:

112 2238 190 2325 ῐὸπος
216 2251 298 2317 οὕτω
331 2251 519 2336 καλούμενος
546 2250 714 2338 Ἀθήνησιν
744 2252 776 2318 ἓν
803 2259 848 2342 τῷ
869 2258 1013 2334 Πειραιεῖ
1034 2260 1172 2336 παισθεὶς
1275 2330 1281 2343 ¹

112 2337 157 2413 dud
176 2351 349 2439 Σηροίγγου.
388 2354 451 2420 ἔστι
474 2355 508 2418 δὲ
530 2352 626 2419 αὐτοῦ
654 2356 706 2419 καὶ
736 2352 852 2442 ἡρῷον.
894 2355 1040 2422 Fallitur
1060 2374 1192 2426 autem*

89 2440 241 2521 leonius
274 2456 424 2545 Topogr.
464 2456 547 2522 Ath.
588 2481 622 2544 p.
653 2456 718 2522 346
748 2456 931 2524 llienaeck.
968 2456 1169 2545 Serangium

112 2541 207 2634 ipsine
224 2558 337 2622 balnei
365 2557 536 2648 cujusdam
567 2562 690 2623 nomen
715 2557 818 2624 fuisse
840 2573 1026 2626 autumans.
1072 2559 1169 2627 Gete-

110 2665 170 2722 fflm
188 2656 225 2724 ad
248 2658 281 2722 ἐν
302 2660 467 2745 Σηραγγίῳ
486 2663 652 2737 βαλανεῖον
673 2659 714 2724 ab
735 2657 829 2726 Isaeo
850 2674 1018 2727 mutuatus
1040 2675 1089 2726 est
1103 2661 1168 2727 Al·
1221 2704 1224 2709 -

89 2747 208 2842 'siphra
223 2760 326 2849 epist.
355 2759 422 2843 Ill,
449 2758 502 2837 43,
532 2760 591 2826 uhi
622 2760 665 2826 cf.
697 2759 849 2847 Bergler.
872 2795 915 2808 -
940 2759 1095 2844 Ἀθμονοῖ
1117 2763 1169 2848 (ut

108 2848 259 2940 haerent,
289 2864 447 2948 Σφηττοῖ,
479 2861 611 2945 &optaret
629 2863 706 2948 etc.)
730 2878 779 2928 est
800 2861 833 2926 ἐν
848 2858 1011 2948 Ἀδμόνῳ,
1046 2860 1167 2931 Cecro-

104 2951 178 3034 ridie
198 2986 306 3053 pago,
329 2987 427 3050 quem
448 2962 508 3028 alii
524 2961 696 3044 Ἀθμονδιιν
718 2964 841 3030 dicunt.
863 3002 908 3015 -
927 2963 1077 3031 Pluralis
1102 2989 1167 3031 nu·

103 3067 203 3131 means
232 3063 435 3129 ἀποδίδονται
461 3089 515 3129 me
537 3063 682 3150 quidem
700 3088 770 3131 non
791 3087 991 3153 magnopere
1014 3066 1166 3154 offendit,

99 3145 170 3231 ll'oet
189 3167 304 3253 paullo
335 3181 408 3255 post
440 3181 594 3253 sequatur
622 3164 753 3231 ἀπέλυσε
774 3206 817 3218 -
838 3166 981 3233 ἀπέδοτο.
1030 3165 1176 3237 Scilicet·
1288 3198 1306 3247 ,·

89 3249 169 3333 decit
184 3267 417 3359 hochctemo
428 3267 609 3337 Androclis
629 3280 661 3333 et
673 3268 834 3334 Antidori
848 3269 1026 3354 instinctu,
1048 3294 1165 3358 quam·

95 3357 208 3434 ⁰hrem
228 3368 267 3434 hi
288 3385 320 3435 et
339 3369 405 3458 ipsi
431 3368 547 3434 fecisse
570 3368 725 3435 dicuntur
745 3363 830 3458 quod
851 3371 1001 3460 ipsorum
1021 3372 1165 3438 anctori-

92 3463 156 3536 ¹ete
179 3483 211 3536 et
233 3471 372 3536 consilio
394 3472 517 3535 factam
531 3484 619 3554 erat3
646 3494 752 3559 neque
769 3495 849 3539 vero
870 3496 1003 3539 necesse
1022 3473 1086 3539 suit
1108 3496 1164 3538 ea·
1247 3476 1252 3491 '

90 3554 166 3637 dem
187 3571 330 3651 ¹dicendi
357 3575 465 3659 figura
487 3586 652 3638 oratorem
674 3573 774 3641 etiam
795 3573 832 3640 in
854 3596 943 3661 seqq.
966 3564 1028 3638 uti.
1070 3572 1184 3639 Belz-¹
1282 3628 1286 3653 ,

89 3650 176 3740 kero
211 3684 324 3738 temen
356 3673 395 3739 in
419 3662 508 3739 Add.
542 3699 576 3762 p.
597 3676 662 3743 697
693 3677 802 3764 placet
837 3672 1036 3753 ἀποδίδοται,
1074 3674 1162 3761 qnod

89 3757 282 3865 Stephanus
304 3798 432 3862 quoqne
453 3776 554 3843 dedit.
965 3764 968 3775 ¹

175 3876 277 3942 οἰκίαν
296 3912 340 3926 -
365 3875 566 3962 ὑποκειμένην
593 3876 725 3942 ἀπέλυσε
740 3880 802 3977 Ιτῷ
835 3870 1014 3963 ἱεροφάντῃ.
1062 3872 1107 3941 H.
1131 3898 1160 3943 e.
1283 3915 1285 3921 ·

89 3972 214 4047 domum
239 4002 298 4064 pro
320 3980 440 4044 credito
469 3980 531 4044 sibi
550 3980 721 4062 obtentam
741 4001 763 4041 α
784 3977 924 4041 debitore
943 3976 1160 4061 hierophanta,

89 4092 224 4167 accepta
250 4082 388 4166 pecunia
413 4081 485 4146 lmic
514 4082 669 4146 liberaret.
712 4079 798 4145 Nam
820 4072 962 4142 ἀπολύειν
983 4073 1019 4141 cd
1040 4074 1162 4181 ὑποκεί-

89 4204 184 4251 ἰενον
204 4203 239 4248 v.
261 4181 319 4265 τὴν
339 4179 505 4265 ὑποθήκην
525 4179 783 4275 hypothecariae
806 4179 949 4263 dicitur,
980 4202 1081 4264 quum
1103 4181 1160 4245 de·
1259 4182 1261 4186 ’

89 4282 193 4356 nitori
212 4283 361 4351 debitum
381 4283 524 4352 solventi
537 4283 761 4373 hypothecam
781 4281 920 4363 liberat3
944 4294 1061 4348 contra
1082 4277 1163 4393 λύειν

874 4386 917 4449 22
940 4391 954 4420 0
