2632 4800
125 262 346 373 neonae.
368 301 433 370 nn
462 297 758 370 ncosuuaur
775 296 1099 373 annuorum.
1141 301 1212 399 arr

218 472 375 543 Pmmnm
394 468 610 539 calliditatem
632 485 665 537 et
684 468 851 559 malitiam
865 470 1050 541 adversarii
1064 487 1213 556 accusat,

131 574 193 664 qui
219 575 259 643 in
283 575 401 642 libello
430 597 491 640 suo
519 573 744 640 Nicostratum
770 594 842 638 non
867 571 1124 664 ,Thrasymachi
1150 575 1210 642 sed

133 676 261 749 Smicri
287 676 396 743 lilium
423 674 559 743 dixerit.
604 671 741 742 Scilicet
771 671 942 740 siveram
961 677 1067 764 patris
1086 692 1212 747 nomen

132 776 333 868 scripsisset,
353 777 557 866 praevidisse
567 777 640 844 lore
657 790 695 842 ut
705 773 804 841 facile
813 773 936 860 Hagno
951 776 1224 867 etHaguothees·

134 904 171 948 se
196 880 371 971 proximos
399 879 454 944 illi
480 874 638 965 cognatos
659 899 730 945 esse
748 877 945 966 probarent,
985 902 1091 968 neque
1113 881 1212 969 quid.
1310 943 1313 949 Α

135 1006 236 1070 quam
256 982 294 1047 in
315 981 585 1070 disceptationem
605 979 755 1062 veniret,
784 976 852 1045 nisi
872 992 1052 1051 testatusue
1070 981 1132 1049 ille
1153 983 1213 1049 de·

135 1083 288 1151 cessisset
307 1107 352 1150 an
372 1084 565 1166 intestatus3
604 1082 657 1149 sin
677 1103 758 1149 vero
780 1079 882 1147 etiam
902 1080 943 1148 de
962 1097 1057 1172 patre
1077 1100 1214 1152 contro·

135 1185 285 1269 rersiam
303 1199 472 1270 moveret,
503 1207 637 1250 causam
666 1185 773 1249 multo
794 1182 1021 1253 obscuriorem
1039 1186 1216 1274 magisque

137 1286 329 1355 intricatam
362 1288 457 1373 fore,
489 1285 776 1372 difficilioremqne
808 1284 1020 1355 adversariis.
1044 1286 1130 1378 juris
1160 1287 1216 1357 nui

140 1388 381 1479 probationem·

222 1491 332 1558 Porro
351 1489 552 1558 chorialem
565 1487 664 1556 initio
676 1487 829 1575 quidem,
859 1513 963 1577 quum
976 1490 1037 1559 alii
1056 1491 1217 1582 permulti

142 1591 358 1663 hereditatem
373 1608 540 1683 peterent,
567 1590 713 1679 quietum
733 1589 855 1674 fuisse3
883 1607 997 1681 postes
1015 1609 1126 1664 autem
1147 1604 1218 1662 nen
1286 1588 1292 1600 ’

144 1696 251 1763 selum
277 1695 361 1780 sibi,
389 1710 421 1761 et
450 1692 659 1781 cognationis
690 1691 824 1779 quidem
853 1692 930 1782 jure
959 1695 1044 1780 (vid.
1071 1710 1145 1764 not.
1174 1696 1218 1764 ad

146 1794 265 1883 eto.)
287 1796 504 1863 hereditatem
516 1795 672 1886 petiisse,
697 1794 871 1861 sedetiam
891 1820 1033 1885 puerum
1053 1799 1223 1885 quendum
1272 1830 1277 1839 ·

147 1899 361 1968 emeretrice
390 1914 507 1971 natum
536 1898 646 1964 lilium
673 1897 827 1964 defuncto
856 1896 1031 1966 instituere
1063 1916 1220 1968 conatum

146 2020 231 2086 ωας
258 2016 443 2092 pestremo,
465 2025 568 2088 quum
588 2000 653 2066 hoo
673 1999 773 2067 modo
793 1999 884 2067 nibil
903 2003 1093 2090 proliceret,
1121 2017 1222 2070 teste·
1292 2029 1299 2045 ·

144 2119 292 2171 mentum
313 2104 436 2168 salsum
456 2102 646 2191 protulisse.

225 2205 309 2273 Esse
339 2220 448 2271 autem
476 2204 514 2269 iu
551 2201 773 2270 hereditatum
805 2205 1041 2272 controversiis
1069 2206 1220 2287 testibus,

133 2308 195 2391 qni
220 2330 258 2373 se
274 2321 466 2373 testamento
479 2306 650 2371 condendo
668 2304 836 2372 adhibitos
857 2321 1075 2392 testarentur,
1108 2309 1222 2375 minue

122 2421 245 2496 quam
266 2409 471 2495 argumentis
492 2408 705 2474 credendum.
760 2406 914 2474 Testium
935 2410 1026 2475 enim
1046 2411 1146 2477 fidem
1166 2411 1222 2477 iu·

117 2526 270 2584 wreus
301 2526 334 2578 et
354 2509 455 2576 nimis
484 2533 582 2598 saepe
608 2523 798 2599 corruptam
824 2531 913 2591 eese3
949 2525 1225 2597 argumentorum

99 2615 274 2698 kendus
307 2635 326 2679 a
353 2611 519 2704 judicibus
549 2610 731 2677 certissime
764 2610 932 2676 aestimari
959 2635 1066 2702 posse.
1108 2612 1226 2699 Neque

98 2702 219 2812 filesa
248 2728 446 2781 testamenta
474 2702 604 2801 semper
632 2714 768 2795 valere,
795 2713 852 2778 sed
873 2713 921 2778 ita
944 2710 1097 2794 demum,
1124 2714 1154 2780 si
1173 2715 1228 2780 le·
1288 2751 1293 2756 ·

97 2820 267 2912 Qitime
288 2819 374 2883 faeta
396 2814 482 2896 sint,
509 2837 573 2900 qua
595 2814 635 2880 de
656 2837 694 2879 re
715 2813 952 2880 difficillimum
972 2816 1044 2882 lere
1063 2815 1227 2905 judicium

103 2942 241 3003 ως
276 2918 317 2984 de
345 2915 599 3004 cognationibus
627 2929 739 2983 autem
768 2939 948 3003 earumque
968 2916 1043 3007 jure
1063 2918 1229 2986 facillime

90 3037 280 3112 §emper
297 3018 452 3111 judicari
472 3042 580 3107 posse.
623 3017 701 3084 Huc
720 3018 897 3103 accedere,
932 3020 1019 3106 quod
1043 3008 1228 3095 Ghariadee

92 3134 217 3203 heu
247 3123 347 3189 modo
380 3138 538 3206 cognatus
571 3121 628 3186 sed
657 3143 700 3186 ne
732 3120 858 3187 amiens
885 3121 1019 3208 quidem
1044 3121 1227 3190 Nicostrati

100 3223 271 3309 inerit,
292 3223 370 3311 quid
392 3224 480 3309 quod
501 3247 545 3289 ne
565 3237 698 3290 morare
717 3223 848 3310 quidem
869 3222 956 3311 justa
976 3225 1130 3291 funebria
1150 3248 1230 3314 per·

113 3326 302 3399 solvent.
365 3326 478 3412 Neque
513 3348 633 3393 verum
666 3349 736 3392 esse
772 3325 859 3413 quod
893 3324 998 3407 diest,
1037 3327 1228 3394 societatem

131 3429 317 3520 «quandem
345 3428 433 3494 inter
459 3428 550 3517 ipsos
576 3427 680 3495 fnisse
705 3427 944 3517 pecuniamque
971 3428 1041 3518 ejus
1069 3451 1145 3496 ase
1166 3427 1229 3494 ad-

135 3530 388 3599 ministratam.

234 3632 335 3700 Nihil
362 3647 471 3698 autem
498 3631 704 3718 frequentius
730 3628 808 3698 heri
832 3632 956 3716 solere,
986 3654 1085 3717 quam
1113 3646 1231 3701 uteo·

156 3756 249 3820 nm,
286 3734 343 3820 qui
369 3758 507 3822 peregre
535 3734 709 3817 obiissent,
740 3733 939 3801 hereditates
960 3733 1059 3799 etiam
1081 3735 1125 3800 ab
1146 3734 1235 3801 aliea

158 3835 304 3906 nissimis
332 3850 496 3924 petantur.
549 3835 680 3924 Quippe
712 3836 882 3925 impunem
909 3833 1015 3902 cnivis
1037 3854 1108 3902 esee
1128 3838 1231 3904 telem
1277 3874 1280 3879 ·

159 3937 373 4022 petitionem,
400 3960 557 4026 magnam
584 3953 697 4003 autem
714 3961 806 4025 spem
826 3935 974 4025 judicum
994 3938 1230 4007 fallendorum·

159 4031 291 4108 ludices
318 4054 428 4105 autem
458 4064 599 4126 aequum
630 4062 699 4127 esee
728 4051 785 4120 ut,
817 4038 846 4104 si
877 4037 917 4102 de
946 4052 1141 4107 testamento
1162 4064 1231 4106 non

157 4157 249 4209 certe
280 4164 318 4207 ac
344 4141 472 4229 liquido
506 4155 652 4222 constet,
690 4139 840 4226 cognatis
873 4140 982 4229 potius
1014 4141 1232 4209 hereditatem

155 4242 360 4334 adjudicent.
403 4242 490 4311 Nem
517 4243 605 4330 qnod
628 4240 803 4310 Ghariedis
824 4242 924 4311 amici
945 4266 1013 4311 uon
1032 4242 1233 4333 llegnonem
