2632 4800
1 193 3 198 Ι
119 204 186 275 472
470 198 520 270 lli
541 194 823 271 ORATlONllll

121 386 231 444 vertat
257 384 291 439 et
321 370 475 438 obscuret
506 366 557 434 rei
583 365 778 451 veritatem,
816 361 945 451 παράγει
980 363 1018 433 ιδ
1050 368 1196 452 πρᾶγμα,

121 473 208 542 sieut
228 485 343 539 nostro
364 472 439 538 loeo
462 468 672 538 sdversarius
692 464 823 553 παράγει
843 464 918 553 τούς
943 462 1084 548 νόμοις.

208 573 247 661 ᾗ.
269 573 324 642 38.
354 569 394 636 ἂν
423 569 537 652 ἄποροι
566 567 645 656 παρ’
675 565 749 652 ὑμῖν
778 564 856 634 εἶναι
877 563 1021 645 δόξωσιν.
1064 565 1198 634 Reislsii

120 674 364 764 suspicionem,
397 671 478 754 παρ’
500 670 554 754 ἐμὲ
572 667 647 754 ι’·μΐι
667 669 881 736 scribendum
902 692 990 754 esse,
1019 669 1103 736 satis
1125 669 1198 735 retl-

106 789 266 863 mrguent
296 796 379 861 quae
410 772 600 839 contulisti
624 794 674 838 or.
698 772 739 838 tle
759 760 876 859 Apoll.
899 771 975 838 her.
998 770 1037 858 ᾗ.
1057 769 1092 837 5.
1139 767 1197 836 Ge·

123 892 234 944 terum
255 874 340 941 illud
361 874 472 963 ipsum
492 870 571 958 παρ’
593 872 646 956 ἐμὲ
667 896 735 939 non
756 874 842 940 {oret
864 894 926 959 por
945 897 995 938 me
1014 895 1050 941 v.
1069 884 1197 957 propter

123 1002 195 1058 ιαι,
226 974 508 1064 quemadmodum
528 973 689 1042 Reiskius
709 973 831 1058 vertit,
862 973 919 1040 sed
937 998 1021 1060 prae
1040 997 1092 1038 ιιιιι
1112 972 1148 1040 la.
1169 995 1203 1038 e..

124 1080 154 1143 ei
170 1101 289 1145 oteoum
305 1089 531 1161 comparentur.
577 1073 751 1142 Consulem
764 1074 1019 1165 praepositionis
1031 1074 1207 1152 notionem¹

79 1250 84 1259 ,
126 1180 184 1267 qni
205 1177 312 1265 qualis
333 1177 378 1243 sit
398 1177 477 1244 satis
498 1177 726 1265 perspexerit,
757 1201 830 1243 eom
851 1177 1010 1243 hocloco
1030 1199 1103 1242 non
1124 1173 1199 1242 satis

99 1288 105 1299 ¹
126 1295 237 1369 aptam
252 1278 430 1363 intelliget.
473 1276 554 1346 Vitl.
570 1277 697 1349 Buttm.
720 1268 761 1345 ad'
776 1276 952 1345 Demosth.
969 1276 1055 1343 Mid.
1074 1301 1110 1366 p.
1128 1275 1197 1343 181.

125 1381 171 1448 Εῑ
191 1377 339 1449 Wollius
360 1378 442 1445 adeo
471 1379 512 1444 ad
534 1378 709 1449 Demosth.
731 1380 828 1470 Lept.
851 1405 887 1468 p.
907 1378 970 1446 361
992 1402 1064 1444 non
1085 1370 1200 1444 ἱιιιιιιο·

84 1480 88 1495 ’
127 1482 194 1550 rito
216 1479 301 1567 παρὰ
332 1479 536 1570 particulae,
566 1480 691 1568 inquit,
719 1481 756 1547 in
778 1480 900 1549 Atticis
928 1503 1105 1566 nunqnam
1126 1501 1201 1568 pro·

128 1581 203 1673 pria
224 1572 318 1649 notio
339 1597 387 1674 est
406 1569 548 1667 propter.
592 1580 692 1650 Geni.
716 1583 825 1651 Orell.
848 1581 889 1649 ael
911 1580 1075 1648 Aeschin.
1089 1580 1200 1654 Brem.

127 1699 210 1752 tom.
239 1683 275 1751 ll
297 1706 374 1772 pag.
395 1681 533 1755 XXlll.
555 1720 600 1739 --
632 1683 753 1752 Paullo
775 1681 994 1771 antepiliaoc
1013 1681 1095 1766 παρ’
1118 1679 1201 1766 ὑμῶν

129 1785 317 1875 comparari
337 1782 442 1874 potest
463 1808 541 1855 cam
560 1783 664 1853 εὔνοια
684 1784 763 1870 παρ’
785 1780 873 1867 ὑμῶν
893 1809 945 1875 sp.
962 1783 1143 1863 Demostli.
1165 1784 1202 1849 tle

129 1910 200 1953 eor.
221 1911 256 1975 p.
278 1887 355 1968 226,
378 1887 431 1953 16.
453 1881 474 1968 ἡ
496 1884 583 1972 παρὰ
604 1891 668 1952 τῶν
688 1893 773 1954 θεῶν
793 1884 898 1953 εὔνοια
919 1909 972 1977 ep.
995 1885 1149 1977 Lycurg.
1169 1885 1203 1952 in

59 2024 62 2031 ·
129 1985 248 2054 Leoor.
270 2012 304 2076 p.
319 1983 394 2052 194.
418 1987 484 2069 [cf.
500 2010 600 2074 supra
622 2012 655 2077 p.
670 1989 745 2055 193.
769 2004 802 2055 et
822 1987 876 2056 Pl.
899 1986 1046 2055 Phaedr.
1068 2012 1105 2077 p.
1129 1989 1202 2054 232.

19 2078 23 2103 '
129 2088 192 2172 Α.]
220 2087 302 2153 item
315 2081 430 2162 οἶκτος
456 2084 517 2151 ἀπ’
541 2085 646 2153 αὐτῶν
672 2089 859 2178 ap.'l'l1uo.
883 2087 1051 2168 Vnae.
1081 2094 1200 2174 προθα-

130 2190 189 2272 μλα
220 2186 281 2254 ἀπὸ
312 2192 375 2253 τῶν
406 2193 530 2254 ναυτῶν
557 2188 605 2255 ib.
634 2189 774 2276 aliisque
802 2191 888 2281 apud
916 2187 1141 2263 Sohaeserum
1165 2187 1202 2256 etl

57 2339 61 2354 .
131 2286 238 2386 Soph.
260 2288 381 2375 Antig.
405 2289 501 2358 1123.
524 2305 556 2358 et
576 2290 764 2361 Bernhard.
788 2290 933 2386 Syntax.
955 2316 989 2381 p.
1011 2291 1091 2360 256.
1216 2316 1219 2321 ’

81 2406 85 2413 ’
217 2391 255 2480 6.
277 2388 334 2461 46.
364 2389 442 2459 ὥστε
470 2388 546 2458 εἶναι
572 2392 629 2477 μὲν
656 2393 712 2476 οὐχ
742 2388 854 2479 ἱκανὰ,
887 2399 1072 2485 λειτουργεῖν
1103 2394 1139 2460 ol
1165 2390 1202 2476 μὴ

82 2535 86 2548 .
130 2490 215 2571 ἄξια.
257 2492 448 2560 Turbatam
469 2493 525 2567 hio
546 2518 616 2560 esse
638 2519 658 2565 a
682 2496 833 2565 librariis
854 2509 953 2585 patet.
999 2494 1100 2579 Quae
1122 2494 1203 2579 enim

131 2593 189 2677 οὐχ
209 2592 301 2659 ἱκανὰ
323 2609 434 2679 erant,
464 2618 501 2663 ee
524 2597 761 2665 multominus
783 2595 1202 2690 muneribuspraestanlis

133 2697 282 2763 sufficere
302 2694 447 2784 potuisse
466 2696 605 2783 quilibet
626 2697 811 2783 intelligit,
829 2700 1044 2785 quamobrem
1068 2701 1202 2769 alterum

133 2796 231 2877 alteri
246 2795 369 2887 opponi
382 2799 423 2862 ab
440 2813 569 2864 oratore
586 2822 653 2864 non
668 2800 786 2889 potuit.
829 2799 942 2887 Neque
956 2824 1038 2866 vero
1058 2801 1203 2869 diversae

132 2897 327 2983 negationes
350 2897 407 2981 οὐχ
428 2898 518 2963 ἱκανὰ
541 2916 573 2966 et
591 2898 637 2986 μὴ
658 2899 731 2977 ἄξια
752 2903 823 2968 ulla
840 2903 968 2969 ratione
983 2902 1120 2994 defendi
1135 2925 1205 2992 pos·

133 3013 228 3084 sunt,
266 3022 367 3085 quum
397 3015 573 3087 utrumque
603 3004 790 3069 membrum
822 3005 864 3069 ab
895 3004 955 3070 illo
986 3000 1131 3069 τοσαῦτα
1161 2995 1205 3087 ἦν,

134 3098 213 3164 ὥστε
233 3137 277 3154 --
298 3101 414 3166 eodem
441 3104 539 3190 plane
560 3103 658 3170 modo
687 3105 838 3194 pendeat.
881 3105 1082 3193 Requiritur
1103 3121 1206 3204 autem

134 3201 199 3266 hoo
219 3201 293 3267 loco
320 3200 445 3267 erinon
474 3200 538 3286 μή,
571 3200 835 3292 quandoquidem
856 3233 924 3274 non
945 3207 986 3272 de
1007 3203 1152 3274 consilio
1172 3229 1205 3271 ao

133 3303 323 3386 voluntate,
361 3304 418 3368 sed
441 3305 481 3370 ‹le
502 3328 541 3371 eo
563 3307 649 3392 quod
671 3331 786 3394 reapse
807 3309 853 3376 ita
875 3334 910 3376 se
930 3309 1051 3374 habuit
1072 3307 1205 3400 exponi·

64 3464 69 3473 ,
134 3419 201 3487 tur.
246 3403 336 3489 Quid
353 3404 484 3470 intersit
500 3406 591 3473 enim
606 3407 693 3474 inter
709 3410 787 3474 lior}
805 3409 841 3476 οὗ
857 3425 888 3477 et
903 3409 983 3476 ὥστε
1002 3406 1067 3494 μή,
1091 3412 1203 3501 optime

136 3503 250 3569 docuit
281 3505 499 3590 Engelhardt.
532 3508 574 3574 ad
604 3508 755 3578 Platonis
776 3510 967 3603 Euthyphr.
998 3536 1033 3601 p.
1065 3514 1131 3579 135
1160 3509 1203 3578 lit

135 3628 214 3671 usus
237 3607 419 3695 exemplis:
455 3609 600 3697 Apolog.
633 3612 751 3691 §.141
783 3611 866 3678 οὕτω
887 3622 1098 3697 καταφρονεῖς
1120 3612 1208 3703 ταῖνδεΙ

136 3704 266 3770 auloi‘tt
289 3705 403 3783 αὐτοὺς
424 3707 567 3797 ἀπείρους
588 3708 682 3798 εἶναι,
711 3711 790 3778 ὥστε
812 3711 866 3778 οὐκ
888 3713 1009 3793 altilem.
1053 3713 1206 3804 Xenoph.

138 3805 262 3895 Gyrop.
286 3805 316 3890 l,
337 3807 371 3891 4,
393 3808 433 3876 5:
460 3809 540 3891 ταχὺ
561 3811 600 3876 ταὶ
624 3815 725 3899 θηρία
746 3811 912 3898 ἀνηλώκει,
941 3812 1024 3879 ὥστε
1047 3809 1209 3881 litorel-

137 3929 192 3987 γης
213 3905 315 3972 οὐκέτ’
338 3905 414 3992 εἶχεν
435 3908 521 4000 αὐτῷ
541 3913 693 3999 συλλέγειν
714 3916 824 4000 θηρία.
866 3915 1003 3988 Hellen.
1026 3915 1093 4002 lV,
1121 3919 1155 4002 6,
1174 3917 1210 3983 δι

138 4003 308 4090 πράγματα
344 4021 505 4096 παρεῖχαν,
550 4013 629 4080 ὥστε
660 4015 759 4081 οὐκέτι
797 4013 925 4083 ἐδύνατο
962 4015 998 4084 τὸ
1035 4015 1210 4103 στράτευμα

46 4106 58 4119 “
140 4105 398 4191 στρατεύεσθαι.
423 4109 549 4196 (Anah.
577 4114 797 4204 111,l,372
828 4118 962 4203 γίγνεται
986 4118 1145 4189 teuniter
1164 4142 1211 4206 pt,-

895 4482 909 4520 ἱ

815 4552 819 4558 .
958 4540 975 4561 κ
