<?xml version="1.0" encoding="UTF-8"?>
<!DOCTYPE html PUBLIC "-//W3C//DTD XHTML 1.0 Transitional//EN"
    "http://www.w3.org/TR/xhtml1/DTD/xhtml1-transitional.dtd">
<html xmlns="http://www.w3.org/1999/xhtml" xml:lang="en" lang="en">
 <head>
  <title>
</title>
<meta http-equiv="Content-Type" content="text/html;charset=utf-8" />
  <meta name='ocr-system' content='tesseract 3.04.00' />
  <meta name='ocr-capabilities' content='ocr_page ocr_carea ocr_par ocr_line ocrx_word'/>
</head>
<body>
  <div class='ocr_page' id='page_1' title='image "./isaeiorationesx00isaegoog_0241.png"; bbox 0 0 2632 4800; ppageno 0'>
   <div class='ocr_carea' id='block_1_1' title="bbox 27 358 164 393">
    <p class='ocr_par' dir='ltr' id='par_1_1' title="bbox 27 358 164 393">
     <span class='ocr_line' id='line_1_1' title="bbox 27 358 164 393; baseline -0.036 0"><span class='ocrx_word' id='word_1_1' title='bbox 27 358 35 393; x_wconf 87' lang='lat' dir='ltr'><strong>l</strong></span> <span class='ocrx_word' id='word_1_2' title='bbox 161 376 164 388; x_wconf 93' lang='grc'><strong>.</strong></span> 
     </span>
    </p>
   </div>
   <div class='ocr_carea' id='block_1_2' title="bbox 176 260 931 369">
    <p class='ocr_par' dir='ltr' id='par_1_2' title="bbox 176 260 931 369">
     <span class='ocr_line' id='line_1_2' title="bbox 176 260 931 369; baseline -0.003 -35"><span class='ocrx_word' id='word_1_3' title='bbox 176 266 244 334; x_wconf 76' lang='lat' dir='ltr'><strong>ooo</strong></span> <span class='ocrx_word' id='word_1_4' title='bbox 383 302 388 315; x_wconf 81' lang='lat'><em>-</em></span> <span class='ocrx_word' id='word_1_5' title='bbox 448 364 450 369; x_wconf 11' lang='lat' dir='ltr'>v</span> <span class='ocrx_word' id='word_1_6' title='bbox 530 260 582 330; x_wconf 83' lang='lat' dir='ltr'><strong>ut</strong></span> <span class='ocrx_word' id='word_1_7' title='bbox 604 260 931 332; x_wconf 74' lang='lat' dir='ltr'><strong>osnmounu·</strong></span> 
     </span>
    </p>
   </div>
   <div class='ocr_carea' id='block_1_3' title="bbox 177 422 1252 522">
    <p class='ocr_par' dir='ltr' id='par_1_3' title="bbox 177 422 1252 522">
     <span class='ocr_line' id='line_1_3' title="bbox 177 422 1252 522; baseline 0.006 -23"><span class='ocrx_word' id='word_1_8' title='bbox 177 459 252 506; x_wconf 72' lang='lat' dir='ltr'><strong>m.</strong></span> <span class='ocrx_word' id='word_1_9' title='bbox 264 422 518 516; x_wconf 70' lang='grc' dir='ltr'><strong><em>ἓβδομευομίνου.</em></strong></span> <span class='ocrx_word' id='word_1_10' title='bbox 539 428 722 498; x_wconf 75' lang='lat' dir='ltr'><strong>Confirmat</strong></span> <span class='ocrx_word' id='word_1_11' title='bbox 735 432 1000 502; x_wconf 81' lang='lat' dir='ltr'><strong>emendationem</strong></span> <span class='ocrx_word' id='word_1_12' title='bbox 1011 432 1252 522; x_wconf 55' lang='lat' dir='ltr'><strong>Lemseguor.</strong></span> 
     </span>
    </p>
   </div>
   <div class='ocr_carea' id='block_1_4' title="bbox 51 529 1251 628">
    <p class='ocr_par' dir='ltr' id='par_1_4' title="bbox 51 529 1251 628">
     <span class='ocr_line' id='line_1_4' title="bbox 51 529 1251 628; baseline 0.003 -28"><span class='ocrx_word' id='word_1_13' title='bbox 51 558 55 568; x_wconf 74' lang='lat'><strong><em>¹</em></strong></span> <span class='ocrx_word' id='word_1_14' title='bbox 175 565 211 628; x_wconf 85' lang='lat' dir='ltr'><strong>p.</strong></span> <span class='ocrx_word' id='word_1_15' title='bbox 232 537 309 603; x_wconf 79' lang='lat'><strong>268.</strong></span> <span class='ocrx_word' id='word_1_16' title='bbox 332 534 498 618; x_wconf 76' lang='grc' dir='ltr'><strong><em>καθέδραι.</em></strong></span> <span class='ocrx_word' id='word_1_17' title='bbox 542 529 696 615; x_wconf 76' lang='grc' dir='ltr'><strong><em>δαοδοχαδ</em></strong></span> <span class='ocrx_word' id='word_1_18' title='bbox 716 530 905 617; x_wconf 73' lang='grc' dir='ltr'><strong><em>ἀνθρώπων.</em></strong></span> <span class='ocrx_word' id='word_1_19' title='bbox 936 540 976 621; x_wconf 80' lang='grc' dir='ltr'><strong>τῇ</strong></span> <span class='ocrx_word' id='word_1_20' title='bbox 996 542 1166 623; x_wconf 81' lang='grc' dir='ltr'><strong><em>τριακοστῇ</em></strong></span> <span class='ocrx_word' id='word_1_21' title='bbox 1186 537 1251 624; x_wconf 79' lang='grc' dir='ltr'><strong><em>γὰρ</em></strong></span> 
     </span>
    </p>
   </div>
   <div class='ocr_carea' id='block_1_5' title="bbox 172 630 1252 1030">
    <p class='ocr_par' dir='ltr' id='par_1_5' title="bbox 172 630 1252 1030">
     <span class='ocr_line' id='line_1_5' title="bbox 174 630 1252 726; baseline 0.002 -25"><span class='ocrx_word' id='word_1_22' title='bbox 174 636 277 726; x_wconf 61' lang='grc' dir='ltr'><strong><em>ἡμέρᾳ</em></strong></span> <span class='ocrx_word' id='word_1_23' title='bbox 306 640 369 701; x_wconf 77' lang='grc' dir='ltr'><strong>τοῦΙ</strong></span> <span class='ocrx_word' id='word_1_24' title='bbox 390 630 610 708; x_wconf 71' lang='grc' dir='ltr'><strong><em>ἀποθανόντος</em></strong></span> <span class='ocrx_word' id='word_1_25' title='bbox 631 633 661 698; x_wconf 77' lang='grc' dir='ltr'><strong>οἳ</strong></span> <span class='ocrx_word' id='word_1_26' title='bbox 690 632 897 720; x_wconf 77' lang='grc' dir='ltr'><strong><em>προσήκοντες</em></strong></span> <span class='ocrx_word' id='word_1_27' title='bbox 913 633 1052 725; x_wconf 68' lang='grc' dir='ltr'><strong><em>,ἅπαντες</em></strong></span> <span class='ocrx_word' id='word_1_28' title='bbox 1078 639 1130 703; x_wconf 70' lang='grc' dir='ltr'><strong><em>καὶ</em></strong></span> <span class='ocrx_word' id='word_1_29' title='bbox 1150 638 1252 724; x_wconf 76' lang='grc' dir='ltr'><strong><em>ἀναγ-</em></strong></span> 
     </span>
     <span class='ocr_line' id='line_1_6' title="bbox 174 734 1250 823; baseline 0 -18"><span class='ocrx_word' id='word_1_30' title='bbox 174 750 257 806; x_wconf 80' lang='grc' dir='ltr'><strong><em>καῖοι</em></strong></span> <span class='ocrx_word' id='word_1_31' title='bbox 288 742 374 822; x_wconf 77' lang='grc' dir='ltr'><strong><em>κοινῇ</em></strong></span> <span class='ocrx_word' id='word_1_32' title='bbox 401 734 558 801; x_wconf 76' lang='grc' dir='ltr'><strong><em>ἔδείνινουν</em></strong></span> <span class='ocrx_word' id='word_1_33' title='bbox 579 734 628 799; x_wconf 74' lang='lat' dir='ltr'><strong>tul</strong></span> <span class='ocrx_word' id='word_1_34' title='bbox 648 741 695 823; x_wconf 79' lang='grc' dir='ltr'><strong>τῷ</strong></span> <span class='ocrx_word' id='word_1_35' title='bbox 716 735 919 804; x_wconf 74' lang='grc' dir='ltr'><strong><em>ἀποθανόντι.</em></strong></span> <span class='ocrx_word' id='word_1_36' title='bbox 960 739 1016 802; x_wconf 81' lang='grc' dir='ltr'><strong><em>καὶ·</em></strong></span> <span class='ocrx_word' id='word_1_37' title='bbox 1031 745 1124 805; x_wconf 78' lang='grc' dir='ltr'><strong><em>τοῦτο</em></strong></span> <span class='ocrx_word' id='word_1_38' title='bbox 1146 741 1250 818; x_wconf 64' lang='lat' dir='ltr'><strong>sudd-</strong></span> 
     </span>
     <span class='ocr_line' id='line_1_7' title="bbox 173 828 1251 927; baseline -0.001 -19"><span class='ocrx_word' id='word_1_39' title='bbox 173 844 237 927; x_wconf 85' lang='grc' dir='ltr'><strong>δρα</strong></span> <span class='ocrx_word' id='word_1_40' title='bbox 258 841 404 904; x_wconf 75' lang='grc' dir='ltr'><strong><em>ἐκαλεῖτο.</em></strong></span> <span class='ocrx_word' id='word_1_41' title='bbox 448 834 547 921; x_wconf 83' lang='lat' dir='ltr'><strong>Quod</strong></span> <span class='ocrx_word' id='word_1_42' title='bbox 568 835 622 903; x_wconf 90' lang='lat' dir='ltr'><strong>bis</strong></span> <span class='ocrx_word' id='word_1_43' title='bbox 638 828 800 904; x_wconf 71' lang='lat' dir='ltr'><strong>‘oontintio</strong></span> <span class='ocrx_word' id='word_1_44' title='bbox 822 837 914 905; x_wconf 79' lang='lat' dir='ltr'><strong>addit</strong></span> <span class='ocrx_word' id='word_1_45' title='bbox 934 833 1015 922; x_wconf 82' lang='grc' dir='ltr'><strong><em>ἦσαν</em></strong></span> <span class='ocrx_word' id='word_1_46' title='bbox 1029 840 1072 904; x_wconf 79' lang='grc' dir='ltr'><strong>-δέ</strong></span> <span class='ocrx_word' id='word_1_47' title='bbox 1089 843 1251 927; x_wconf 73' lang='grc' dir='ltr'><strong>καθέδραι</strong></span> 
     </span>
     <span class='ocr_line' id='line_1_8' title="bbox 172 933 1247 1030; baseline 0.001 -21"><span class='ocrx_word' id='word_1_48' title='bbox 172 933 321 1027; x_wconf 76' lang='grc' dir='ltr'><strong><em>τέσσαρες</em></strong></span> <span class='ocrx_word' id='word_1_49' title='bbox 328 987 338 1019; x_wconf 77' lang='lat'><strong><em>,</em></strong></span> <span class='ocrx_word' id='word_1_50' title='bbox 368 937 557 1025; x_wconf 83' lang='lat' dir='ltr'><strong>significare</strong></span> <span class='ocrx_word' id='word_1_51' title='bbox 578 937 713 1005; x_wconf 84' lang='lat' dir='ltr'><strong>videtur</strong></span> <span class='ocrx_word' id='word_1_52' title='bbox 733 964 802 1007; x_wconf 90' lang='lat' dir='ltr'><strong>non</strong></span> <span class='ocrx_word' id='word_1_53' title='bbox 830 943 932 1007; x_wconf 90' lang='lat' dir='ltr'><strong>semel</strong></span> <span class='ocrx_word' id='word_1_54' title='bbox 953 943 1016 1007; x_wconf 85' lang='lat' dir='ltr'><strong>boo</strong></span> <span class='ocrx_word' id='word_1_55' title='bbox 1037 943 1093 1009; x_wconf 85' lang='lat' dir='ltr'><strong>sed</strong></span> <span class='ocrx_word' id='word_1_56' title='bbox 1115 959 1247 1030; x_wconf 75' lang='lat' dir='ltr'><strong>quater,</strong></span> 
     </span>
    </p>
   </div>
   <div class='ocr_carea' id='block_1_6' title="bbox 50 1038 1248 1126">
    <p class='ocr_par' dir='ltr' id='par_1_6' title="bbox 50 1038 1248 1126">
     <span class='ocr_line' id='line_1_9' title="bbox 50 1038 1248 1126; baseline -0.004 -12"><span class='ocrx_word' id='word_1_57' title='bbox 50 1050 52 1057; x_wconf 86' lang='grc'><strong>’</strong></span> <span class='ocrx_word' id='word_1_58' title='bbox 170 1045 375 1112; x_wconf 86' lang='lat' dir='ltr'><strong>tricenorum</strong></span> <span class='ocrx_word' id='word_1_59' title='bbox 406 1038 595 1106; x_wconf 80' lang='lat' dir='ltr'><strong>intervallis</strong></span> <span class='ocrx_word' id='word_1_60' title='bbox 628 1038 791 1126; x_wconf 85' lang='lat' dir='ltr'><strong>dierum,¹</strong></span> <span class='ocrx_word' id='word_1_61' title='bbox 810 1042 887 1108; x_wconf 86' lang='lat' dir='ltr'><strong>lieri</strong></span> <span class='ocrx_word' id='word_1_62' title='bbox 919 1042 1056 1110; x_wconf 86' lang='lat' dir='ltr'><strong>solitum</strong></span> <span class='ocrx_word' id='word_1_63' title='bbox 1089 1056 1172 1111; x_wconf 82' lang='lat' dir='ltr'><strong>esse.</strong></span> <span class='ocrx_word' id='word_1_64' title='bbox 1201 1083 1248 1096; x_wconf 92' lang='lat'><em>-</em></span> 
     </span>
    </p>
   </div>
   <div class='ocr_carea' id='block_1_7' title="bbox 171 1139 1247 1234">
    <p class='ocr_par' dir='ltr' id='par_1_7' title="bbox 171 1139 1247 1234">
     <span class='ocr_line' id='line_1_10' title="bbox 171 1139 1247 1234; baseline -0.002 -18"><span class='ocrx_word' id='word_1_65' title='bbox 171 1145 281 1216; x_wconf 85' lang='lat' dir='ltr'><strong>Julius</strong></span> <span class='ocrx_word' id='word_1_66' title='bbox 312 1165 441 1231; x_wconf 89' lang='lat' dir='ltr'><strong>quoque</strong></span> <span class='ocrx_word' id='word_1_67' title='bbox 467 1141 592 1208; x_wconf 84' lang='lat' dir='ltr'>Pollux</span> <span class='ocrx_word' id='word_1_68' title='bbox 612 1139 641 1224; x_wconf 91' lang='lat' dir='ltr'><strong>l,</strong></span> <span class='ocrx_word' id='word_1_69' title='bbox 668 1143 711 1207; x_wconf 90' lang='grc'><strong>66</strong></span> <span class='ocrx_word' id='word_1_70' title='bbox 732 1166 834 1228; x_wconf 88' lang='lat' dir='ltr'><strong>quum</strong></span> <span class='ocrx_word' id='word_1_71' title='bbox 859 1143 939 1210; x_wconf 77' lang='lat' dir='ltr'><strong>istas</strong></span> <span class='ocrx_word' id='word_1_72' title='bbox 966 1142 1138 1229; x_wconf 80' lang='grc' dir='ltr'><strong><em>τριακάδας</em></strong></span> <span class='ocrx_word' id='word_1_73' title='bbox 1158 1171 1247 1234; x_wconf 83' lang='lat' dir='ltr'><strong>queo</strong></span> 
     </span>
    </p>
   </div>
   <div class='ocr_carea' id='block_1_8' title="bbox 95 1243 1247 1335">
    <p class='ocr_par' dir='ltr' id='par_1_8' title="bbox 95 1243 1247 1335">
     <span class='ocr_line' id='line_1_11' title="bbox 95 1243 1247 1335; baseline -0.003 -19"><span class='ocrx_word' id='word_1_74' title='bbox 95 1286 98 1291; x_wconf 76' lang='lat'><em>,</em></span> <span class='ocrx_word' id='word_1_75' title='bbox 169 1247 208 1315; x_wconf 90' lang='lat' dir='ltr'><strong>in</strong></span> <span class='ocrx_word' id='word_1_76' title='bbox 229 1260 438 1335; x_wconf 88' lang='lat' dir='ltr'><strong>mortuorum</strong></span> <span class='ocrx_word' id='word_1_77' title='bbox 458 1243 618 1308; x_wconf 88' lang='lat' dir='ltr'><strong>bonorem</strong></span> <span class='ocrx_word' id='word_1_78' title='bbox 640 1244 839 1328; x_wconf 79' lang='lat' dir='ltr'><strong>agebantur,</strong></span> <span class='ocrx_word' id='word_1_79' title='bbox 872 1246 957 1320; x_wconf 70' lang='grc' dir='ltr'><strong><em>ἰδίως</em></strong></span> <span class='ocrx_word' id='word_1_80' title='bbox 983 1247 1025 1311; x_wconf 88' lang='lat' dir='ltr'><strong>ab</strong></span> <span class='ocrx_word' id='word_1_81' title='bbox 1046 1247 1169 1314; x_wconf 83' lang='lat' dir='ltr'><strong>Atticis</strong></span> <span class='ocrx_word' id='word_1_82' title='bbox 1191 1248 1247 1314; x_wconf 92' lang='lat' dir='ltr'><strong>di·</strong></span> 
     </span>
    </p>
   </div>
   <div class='ocr_carea' id='block_1_9' title="bbox 170 1345 1247 1432">
    <p class='ocr_par' dir='ltr' id='par_1_9' title="bbox 170 1345 1247 1432">
     <span class='ocr_line' id='line_1_12' title="bbox 170 1345 1247 1432; baseline 0 -17"><span class='ocrx_word' id='word_1_83' title='bbox 170 1365 238 1416; x_wconf 84' lang='lat' dir='ltr'><strong>ctes</strong></span> <span class='ocrx_word' id='word_1_84' title='bbox 259 1371 330 1413; x_wconf 82' lang='lat' dir='ltr'><strong>esse</strong></span> <span class='ocrx_word' id='word_1_85' title='bbox 352 1345 415 1428; x_wconf 85' lang='lat' dir='ltr'><strong>ait,</strong></span> <span class='ocrx_word' id='word_1_86' title='bbox 448 1367 515 1409; x_wconf 86' lang='lat' dir='ltr'><strong>non</strong></span> <span class='ocrx_word' id='word_1_87' title='bbox 543 1358 724 1432; x_wconf 85' lang='lat' dir='ltr'><strong>postremos</strong></span> <span class='ocrx_word' id='word_1_88' title='bbox 746 1345 911 1411; x_wconf 88' lang='lat' dir='ltr'><strong>mensium</strong></span> <span class='ocrx_word' id='word_1_89' title='bbox 931 1347 1001 1413; x_wconf 89' lang='lat' dir='ltr'><strong>dies</strong></span> <span class='ocrx_word' id='word_1_90' title='bbox 1023 1348 1086 1413; x_wconf 83' lang='lat' dir='ltr'><strong>hoo</strong></span> <span class='ocrx_word' id='word_1_91' title='bbox 1107 1349 1247 1416; x_wconf 84' lang='lat' dir='ltr'><strong>nomine</strong></span> 
     </span>
    </p>
   </div>
   <div class='ocr_carea' id='block_1_10' title="bbox 57 1444 1245 1638">
    <p class='ocr_par' dir='ltr' id='par_1_10' title="bbox 57 1444 1245 1638">
     <span class='ocr_line' id='line_1_13' title="bbox 79 1444 1245 1537; baseline 0.002 -21"><span class='ocrx_word' id='word_1_92' title='bbox 79 1460 82 1466; x_wconf 88' lang='lat'>&#39;</span> <span class='ocrx_word' id='word_1_93' title='bbox 169 1447 338 1537; x_wconf 81' lang='lat' dir='ltr'><strong>designari</strong></span> <span class='ocrx_word' id='word_1_94' title='bbox 360 1445 513 1512; x_wconf 80' lang='lat' dir='ltr'><strong>ostendit.</strong></span> <span class='ocrx_word' id='word_1_95' title='bbox 556 1444 604 1512; x_wconf 89' lang='lat' dir='ltr'><strong>Hi</strong></span> <span class='ocrx_word' id='word_1_96' title='bbox 618 1446 709 1512; x_wconf 88' lang='lat' dir='ltr'><strong>enim</strong></span> <span class='ocrx_word' id='word_1_97' title='bbox 730 1447 815 1536; x_wconf 83' lang='lat' dir='ltr'><strong>apud</strong></span> <span class='ocrx_word' id='word_1_98' title='bbox 838 1472 952 1515; x_wconf 86' lang='lat' dir='ltr'><strong>omnes</strong></span> <span class='ocrx_word' id='word_1_99' title='bbox 974 1448 1116 1517; x_wconf 83' lang='lat' dir='ltr'><strong>Graecos</strong></span> <span class='ocrx_word' id='word_1_100' title='bbox 1137 1452 1245 1537; x_wconf 85' lang='lat' dir='ltr'><strong>vulgo</strong></span> 
     </span>
     <span class='ocr_line' id='line_1_14' title="bbox 57 1546 1244 1638; baseline 0.005 -26"><span class='ocrx_word' id='word_1_101' title='bbox 57 1602 62 1612; x_wconf 95' lang='lat'><em>.</em></span> <span class='ocrx_word' id='word_1_102' title='bbox 167 1548 332 1638; x_wconf 72' lang='grc' dir='ltr'><strong><em>τριακάδος</em></strong></span> <span class='ocrx_word' id='word_1_103' title='bbox 356 1547 574 1616; x_wconf 74' lang='lat' dir='ltr'><strong>vocabantur.</strong></span> <span class='ocrx_word' id='word_1_104' title='bbox 618 1546 731 1634; x_wconf 85' lang='lat' dir='ltr'><strong>Neque</strong></span> <span class='ocrx_word' id='word_1_105' title='bbox 751 1549 835 1614; x_wconf 86' lang='lat' dir='ltr'><strong>illud</strong></span> <span class='ocrx_word' id='word_1_106' title='bbox 858 1551 984 1634; x_wconf 83' lang='lat' dir='ltr'><strong>obstet,</strong></span> <span class='ocrx_word' id='word_1_107' title='bbox 1012 1552 1098 1637; x_wconf 90' lang='lat' dir='ltr'><strong>quod</strong></span> <span class='ocrx_word' id='word_1_108' title='bbox 1120 1552 1244 1619; x_wconf 84' lang='lat' dir='ltr'><strong>fortes·</strong></span> 
     </span>
    </p>
   </div>
   <div class='ocr_carea' id='block_1_11' title="bbox 27 1648 1244 1739">
    <p class='ocr_par' dir='ltr' id='par_1_11' title="bbox 27 1648 1244 1739">
     <span class='ocr_line' id='line_1_15' title="bbox 27 1648 1244 1739; baseline -0.002 -16"><span class='ocrx_word' id='word_1_109' title='bbox 27 1726 29 1735; x_wconf 72' lang='grc'>,</span> <span class='ocrx_word' id='word_1_110' title='bbox 70 1728 76 1738; x_wconf 58' lang='lat'>‚</span> <span class='ocrx_word' id='word_1_111' title='bbox 167 1653 215 1722; x_wconf 83' lang='lat' dir='ltr'><strong>sis</strong></span> <span class='ocrx_word' id='word_1_112' title='bbox 237 1651 337 1719; x_wconf 84' lang='lat' dir='ltr'><strong>etiam</strong></span> <span class='ocrx_word' id='word_1_113' title='bbox 364 1648 527 1715; x_wconf 88' lang='lat' dir='ltr'><strong>mensium</strong></span> <span class='ocrx_word' id='word_1_114' title='bbox 548 1648 664 1715; x_wconf 86' lang='lat' dir='ltr'><strong>diebus</strong></span> <span class='ocrx_word' id='word_1_115' title='bbox 685 1650 860 1739; x_wconf 77' lang='lat' dir='ltr'><strong>postremis</strong></span> <span class='ocrx_word' id='word_1_116' title='bbox 881 1651 1043 1734; x_wconf 77' lang='lat' dir='ltr'><strong>Hecatae,</strong></span> <span class='ocrx_word' id='word_1_117' title='bbox 1082 1668 1122 1718; x_wconf 89' lang='lat' dir='ltr'><strong>ut</strong></span> <span class='ocrx_word' id='word_1_118' title='bbox 1138 1654 1244 1721; x_wconf 90' lang='lat' dir='ltr'><strong>modo</strong></span> 
     </span>
    </p>
   </div>
   <div class='ocr_carea' id='block_1_12' title="bbox 166 1749 1243 1837">
    <p class='ocr_par' dir='ltr' id='par_1_12' title="bbox 166 1749 1243 1837">
     <span class='ocr_line' id='line_1_16' title="bbox 166 1749 1243 1837; baseline 0 -15"><span class='ocrx_word' id='word_1_119' title='bbox 166 1755 336 1832; x_wconf 84' lang='lat' dir='ltr'><strong>vidimus,</strong></span> <span class='ocrx_word' id='word_1_120' title='bbox 366 1766 399 1817; x_wconf 86' lang='lat' dir='ltr'><strong>et</strong></span> <span class='ocrx_word' id='word_1_121' title='bbox 424 1749 562 1817; x_wconf 86' lang='lat' dir='ltr'><strong>Plutoni</strong></span> <span class='ocrx_word' id='word_1_122' title='bbox 592 1751 789 1817; x_wconf 80' lang='lat' dir='ltr'><strong>consecratis</strong></span> <span class='ocrx_word' id='word_1_123' title='bbox 812 1753 869 1837; x_wconf 83' lang='lat' dir='ltr'><strong>(cf.</strong></span> <span class='ocrx_word' id='word_1_124' title='bbox 892 1752 1064 1821; x_wconf 82' lang='lat' dir='ltr'><strong>Theodor.</strong></span> <span class='ocrx_word' id='word_1_125' title='bbox 1087 1753 1177 1821; x_wconf 78' lang='lat' dir='ltr'><strong>Gaza</strong></span> <span class='ocrx_word' id='word_1_126' title='bbox 1199 1756 1243 1823; x_wconf 87' lang='lat' dir='ltr'><strong>de</strong></span> 
     </span>
    </p>
   </div>
   <div class='ocr_carea' id='block_1_13' title="bbox 59 1840 1242 1941">
    <p class='ocr_par' dir='ltr' id='par_1_13' title="bbox 59 1840 1242 1941">
     <span class='ocr_line' id='line_1_17' title="bbox 59 1840 1242 1941; baseline 0.003 -18"><span class='ocrx_word' id='word_1_127' title='bbox 59 1840 64 1851; x_wconf 60' lang='lat'><em>„</em></span> <span class='ocrx_word' id='word_1_128' title='bbox 166 1879 290 1924; x_wconf 88' lang='lat' dir='ltr'><strong>menss.</strong></span> <span class='ocrx_word' id='word_1_129' title='bbox 322 1852 396 1920; x_wconf 76' lang='lat' dir='ltr'><strong>Au.</strong></span> <span class='ocrx_word' id='word_1_130' title='bbox 427 1876 461 1941; x_wconf 81' lang='grc' dir='ltr'><strong>ρ.</strong></span> <span class='ocrx_word' id='word_1_131' title='bbox 494 1849 590 1938; x_wconf 82' lang='grc'><strong>305.)</strong></span> <span class='ocrx_word' id='word_1_132' title='bbox 619 1852 761 1919; x_wconf 76' lang='lat' dir='ltr'><strong>mortuis</strong></span> <span class='ocrx_word' id='word_1_133' title='bbox 789 1853 930 1920; x_wconf 81' lang='lat' dir='ltr'><strong>inferiae</strong></span> <span class='ocrx_word' id='word_1_134' title='bbox 956 1854 1040 1920; x_wconf 84' lang='lat' dir='ltr'><strong>ferri</strong></span> <span class='ocrx_word' id='word_1_135' title='bbox 1068 1856 1242 1927; x_wconf 74' lang='lat' dir='ltr'><strong>solebant:</strong></span> 
     </span>
    </p>
   </div>
   <div class='ocr_carea' id='block_1_14' title="bbox 165 1953 1242 2041">
    <p class='ocr_par' dir='ltr' id='par_1_14' title="bbox 165 1953 1242 2041">
     <span class='ocr_line' id='line_1_18' title="bbox 165 1953 1242 2041; baseline 0.002 -18"><span class='ocrx_word' id='word_1_136' title='bbox 165 1955 334 2039; x_wconf 74' lang='lat' dir='ltr'><strong>fortassis,</strong></span> <span class='ocrx_word' id='word_1_137' title='bbox 361 1953 517 2041; x_wconf 80' lang='lat' dir='ltr'><strong>inquama</strong></span> <span class='ocrx_word' id='word_1_138' title='bbox 538 1977 616 2019; x_wconf 89' lang='lat' dir='ltr'><strong>nam</strong></span> <span class='ocrx_word' id='word_1_139' title='bbox 639 1953 679 2018; x_wconf 88' lang='lat' dir='ltr'><strong>de</strong></span> <span class='ocrx_word' id='word_1_140' title='bbox 701 1953 836 2021; x_wconf 83' lang='lat' dir='ltr'><strong>Graecis</strong></span> <span class='ocrx_word' id='word_1_141' title='bbox 857 1957 921 2021; x_wconf 84' lang='lat' dir='ltr'><strong>hoo</strong></span> <span class='ocrx_word' id='word_1_142' title='bbox 944 1955 1064 2025; x_wconf 81' lang='lat' dir='ltr'><strong>diserte</strong></span> <span class='ocrx_word' id='word_1_143' title='bbox 1084 1972 1242 2025; x_wconf 83' lang='lat' dir='ltr'><strong>testatum</strong></span> 
     </span>
    </p>
   </div>
   <div class='ocr_carea' id='block_1_15' title="bbox 22 2022 1242 2146">
    <p class='ocr_par' dir='ltr' id='par_1_15' title="bbox 22 2022 1242 2146">
     <span class='ocr_line' id='line_1_19' title="bbox 22 2022 1242 2146; baseline 0.002 -22"><span class='ocrx_word' id='word_1_144' title='bbox 22 2022 46 2120; x_wconf 28' lang='grc' dir='ltr'><strong>ι,</strong></span> <span class='ocrx_word' id='word_1_145' title='bbox 165 2082 235 2136; x_wconf 84' lang='lat' dir='ltr'><strong>non</strong></span> <span class='ocrx_word' id='word_1_146' title='bbox 255 2055 411 2138; x_wconf 85' lang='lat' dir='ltr'><strong>memini3</strong></span> <span class='ocrx_word' id='word_1_147' title='bbox 439 2054 507 2121; x_wconf 88' lang='lat' dir='ltr'><strong>nisi</strong></span> <span class='ocrx_word' id='word_1_148' title='bbox 529 2055 614 2143; x_wconf 92' lang='lat' dir='ltr'><strong>quod</strong></span> <span class='ocrx_word' id='word_1_149' title='bbox 642 2055 679 2121; x_wconf 90' lang='lat' dir='ltr'><strong>in</strong></span> <span class='ocrx_word' id='word_1_150' title='bbox 700 2079 795 2144; x_wconf 81' lang='lat' dir='ltr'><strong>pror.</strong></span> <span class='ocrx_word' id='word_1_151' title='bbox 818 2078 893 2146; x_wconf 83' lang='lat' dir='ltr'><strong>app.</strong></span> <span class='ocrx_word' id='word_1_152' title='bbox 917 2055 994 2124; x_wconf 77' lang='lat' dir='ltr'><strong>Vnt.</strong></span> <span class='ocrx_word' id='word_1_153' title='bbox 1017 2059 1042 2124; x_wconf 85' lang='lat' dir='ltr'><strong>l.</strong></span> <span class='ocrx_word' id='word_1_154' title='bbox 1065 2059 1090 2123; x_wconf 90' lang='lat' dir='ltr'><strong>l.</strong></span> <span class='ocrx_word' id='word_1_155' title='bbox 1112 2058 1242 2144; x_wconf 83' lang='lat' dir='ltr'><strong>legitur</strong></span> 
     </span>
    </p>
   </div>
   <div class='ocr_carea' id='block_1_16' title="bbox 164 2153 1242 2243">
    <p class='ocr_par' dir='ltr' id='par_1_16' title="bbox 164 2153 1242 2243">
     <span class='ocr_line' id='line_1_20' title="bbox 164 2153 1242 2243; baseline 0.003 -17"><span class='ocrx_word' id='word_1_156' title='bbox 164 2153 278 2226; x_wconf 75' lang='grc' dir='ltr'><strong><em>καὶτὰ</em></strong></span> <span class='ocrx_word' id='word_1_157' title='bbox 300 2155 423 2223; x_wconf 73' lang='lat' dir='ltr'><strong>vendero</strong></span> <span class='ocrx_word' id='word_1_158' title='bbox 444 2162 483 2243; x_wconf 82' lang='grc' dir='ltr'><strong>τῇ</strong></span> <span class='ocrx_word' id='word_1_159' title='bbox 503 2154 646 2243; x_wconf 77' lang='grc' dir='ltr'><strong><em>τριακάδι</em></strong></span> <span class='ocrx_word' id='word_1_160' title='bbox 667 2155 791 2241; x_wconf 74' lang='grc' dir='ltr'><strong><em>ἄγεταιι</em></strong></span> <span class='ocrx_word' id='word_1_161' title='bbox 820 2158 862 2223; x_wconf 88' lang='lat' dir='ltr'><strong>de</strong></span> <span class='ocrx_word' id='word_1_162' title='bbox 876 2156 1038 2226; x_wconf 82' lang='lat' dir='ltr'><strong>Romanis</strong></span> <span class='ocrx_word' id='word_1_163' title='bbox 1052 2175 1168 2225; x_wconf 81' lang='lat' dir='ltr'><strong>auctor</strong></span> <span class='ocrx_word' id='word_1_164' title='bbox 1188 2176 1242 2229; x_wconf 77' lang='lat' dir='ltr'><strong>est</strong></span> 
     </span>
    </p>
   </div>
   <div class='ocr_carea' id='block_1_17' title="bbox 88 2244 1240 2344">
    <p class='ocr_par' dir='ltr' id='par_1_17' title="bbox 88 2244 1240 2344">
     <span class='ocr_line' id='line_1_21' title="bbox 88 2244 1240 2344; baseline 0.002 -15"><span class='ocrx_word' id='word_1_165' title='bbox 88 2336 91 2340; x_wconf 21' lang='lat'><strong>⁴</strong></span> <span class='ocrx_word' id='word_1_166' title='bbox 159 2244 338 2330; x_wconf 80' lang='lat' dir='ltr'><strong>Plutarch.</strong></span> <span class='ocrx_word' id='word_1_167' title='bbox 366 2259 502 2344; x_wconf 79' lang='lat' dir='ltr'><strong>Qstaest.</strong></span> <span class='ocrx_word' id='word_1_168' title='bbox 534 2258 633 2325; x_wconf 82' lang='lat' dir='ltr'><strong>Rom.</strong></span> <span class='ocrx_word' id='word_1_169' title='bbox 661 2256 833 2339; x_wconf 85' lang='lat' dir='ltr'><strong>XXXlV.</strong></span> <span class='ocrx_word' id='word_1_170' title='bbox 854 2295 899 2315; x_wconf 55' lang='grc' dir='ltr'><strong>υ-</strong></span> <span class='ocrx_word' id='word_1_171' title='bbox 920 2258 986 2327; x_wconf 86' lang='lat' dir='ltr'><strong>Sed</strong></span> <span class='ocrx_word' id='word_1_172' title='bbox 1009 2261 1088 2327; x_wconf 86' lang='lat' dir='ltr'><strong>satis</strong></span> <span class='ocrx_word' id='word_1_173' title='bbox 1111 2261 1240 2331; x_wconf 86' lang='lat' dir='ltr'><strong>dictum</strong></span> 
     </span>
    </p>
   </div>
   <div class='ocr_carea' id='block_1_18' title="bbox 127 2360 1239 2451">
    <p class='ocr_par' dir='ltr' id='par_1_18' title="bbox 127 2360 1239 2451">
     <span class='ocr_line' id='line_1_22' title="bbox 127 2360 1239 2451; baseline -0.003 -21"><span class='ocrx_word' id='word_1_174' title='bbox 127 2432 130 2439; x_wconf 71' lang='grc'><em>,</em></span> <span class='ocrx_word' id='word_1_175' title='bbox 165 2379 214 2430; x_wconf 84' lang='lat' dir='ltr'><strong>est</strong></span> <span class='ocrx_word' id='word_1_176' title='bbox 245 2363 285 2427; x_wconf 90' lang='lat' dir='ltr'><strong>de</strong></span> <span class='ocrx_word' id='word_1_177' title='bbox 315 2361 357 2427; x_wconf 89' lang='lat' dir='ltr'><strong>iis</strong></span> <span class='ocrx_word' id='word_1_178' title='bbox 388 2384 470 2447; x_wconf 83' lang='lat' dir='ltr'><strong>quae</strong></span> <span class='ocrx_word' id='word_1_179' title='bbox 496 2360 653 2448; x_wconf 85' lang='lat' dir='ltr'><strong>proximo</strong></span> <span class='ocrx_word' id='word_1_180' title='bbox 681 2374 755 2448; x_wconf 82' lang='lat' dir='ltr'><strong>post</strong></span> <span class='ocrx_word' id='word_1_181' title='bbox 780 2377 923 2428; x_wconf 90' lang='lat' dir='ltr'><strong>mortem</strong></span> <span class='ocrx_word' id='word_1_182' title='bbox 950 2376 1097 2450; x_wconf 82' lang='lat' dir='ltr'><strong>tempore</strong></span> <span class='ocrx_word' id='word_1_183' title='bbox 1118 2365 1239 2451; x_wconf 78' lang='lat' dir='ltr'><strong>peragi</strong></span> 
     </span>
    </p>
   </div>
   <div class='ocr_carea' id='block_1_19' title="bbox 163 2454 1238 2557">
    <p class='ocr_par' dir='ltr' id='par_1_19' title="bbox 163 2454 1238 2557">
     <span class='ocr_line' id='line_1_23' title="bbox 163 2454 1238 2557; baseline -0.001 -24"><span class='ocrx_word' id='word_1_184' title='bbox 163 2466 333 2542; x_wconf 77' lang='lat' dir='ltr'><strong>soleben13</strong></span> <span class='ocrx_word' id='word_1_185' title='bbox 365 2462 405 2529; x_wconf 90' lang='lat' dir='ltr'><strong>de</strong></span> <span class='ocrx_word' id='word_1_186' title='bbox 427 2454 545 2528; x_wconf 79' lang='lat' dir='ltr'><strong>annuis</strong></span> <span class='ocrx_word' id='word_1_187' title='bbox 560 2461 762 2551; x_wconf 71' lang='lat' dir='ltr'><strong>solemnibus</strong></span> <span class='ocrx_word' id='word_1_188' title='bbox 775 2461 864 2529; x_wconf 83' lang='lat' dir='ltr'><strong>infra</strong></span> <span class='ocrx_word' id='word_1_189' title='bbox 885 2463 926 2529; x_wconf 88' lang='lat' dir='ltr'><strong>ed</strong></span> <span class='ocrx_word' id='word_1_190' title='bbox 950 2464 986 2551; x_wconf 95' lang='grc'><strong>6.</strong></span> <span class='ocrx_word' id='word_1_191' title='bbox 1009 2463 1052 2530; x_wconf 77' lang='lat'><strong>46</strong></span> <span class='ocrx_word' id='word_1_192' title='bbox 1073 2468 1238 2557; x_wconf 83' lang='lat' dir='ltr'><strong>nonnulla</strong></span> 
     </span>
    </p>
   </div>
   <div class='ocr_carea' id='block_1_20' title="bbox 160 2569 1237 2958">
    <p class='ocr_par' dir='ltr' id='par_1_20' title="bbox 163 2569 495 2645">
     <span class='ocr_line' id='line_1_24' title="bbox 163 2569 495 2645; baseline -0.012 -11"><span class='ocrx_word' id='word_1_193' title='bbox 163 2569 355 2634; x_wconf 81' lang='lat' dir='ltr'><strong>efferentur.</strong></span> <span class='ocrx_word' id='word_1_194' title='bbox 452 2592 455 2596; x_wconf 90' lang='lat'>·</span> <span class='ocrx_word' id='word_1_195' title='bbox 493 2640 495 2645; x_wconf 87' lang='lat'><em>.</em></span> 
     </span>
    </p>

    <p class='ocr_par' dir='ltr' id='par_1_21' title="bbox 160 2663 1237 2958">
     <span class='ocr_line' id='line_1_25' title="bbox 248 2663 1237 2756; baseline 0.005 -23"><span class='ocrx_word' id='word_1_196' title='bbox 248 2667 285 2756; x_wconf 82' lang='grc'><strong>6.</strong></span> <span class='ocrx_word' id='word_1_197' title='bbox 308 2668 364 2735; x_wconf 87' lang='grc'><strong>38.</strong></span> <span class='ocrx_word' id='word_1_198' title='bbox 396 2664 444 2733; x_wconf 77' lang='grc' dir='ltr'><strong>ὅτι</strong></span> <span class='ocrx_word' id='word_1_199' title='bbox 470 2666 573 2732; x_wconf 67' lang='grc' dir='ltr'><strong><em>τοίνυν</em></strong></span> <span class='ocrx_word' id='word_1_200' title='bbox 601 2663 617 2732; x_wconf 84' lang='lat' dir='ltr'><strong>d</strong></span> <span class='ocrx_word' id='word_1_201' title='bbox 644 2669 805 2751; x_wconf 78' lang='grc' dir='ltr'><strong><em>Μενεκλῆς</em></strong></span> <span class='ocrx_word' id='word_1_202' title='bbox 825 2672 891 2749; x_wconf 82' lang='grc' dir='ltr'><strong>κτλ.</strong></span> <span class='ocrx_word' id='word_1_203' title='bbox 933 2666 1125 2735; x_wconf 80' lang='lat' dir='ltr'><strong>Revertitur</strong></span> <span class='ocrx_word' id='word_1_204' title='bbox 1143 2663 1237 2738; x_wconf 77' lang='lat' dir='ltr'><strong>nuno</strong></span> 
     </span>
     <span class='ocr_line' id='line_1_26' title="bbox 162 2769 1236 2856; baseline 0.001 -19"><span class='ocrx_word' id='word_1_205' title='bbox 162 2784 255 2837; x_wconf 86' lang='lat' dir='ltr'><strong>actor</strong></span> <span class='ocrx_word' id='word_1_206' title='bbox 275 2770 317 2835; x_wconf 85' lang='lat' dir='ltr'><strong>ed</strong></span> <span class='ocrx_word' id='word_1_207' title='bbox 339 2793 416 2835; x_wconf 88' lang='lat' dir='ltr'><strong>eum</strong></span> <span class='ocrx_word' id='word_1_208' title='bbox 437 2771 565 2852; x_wconf 88' lang='lat' dir='ltr'><strong>locum,</strong></span> <span class='ocrx_word' id='word_1_209' title='bbox 596 2793 693 2855; x_wconf 89' lang='lat' dir='ltr'><strong>quem</strong></span> <span class='ocrx_word' id='word_1_210' title='bbox 713 2769 782 2856; x_wconf 84' lang='lat' dir='ltr'><strong>jam</strong></span> <span class='ocrx_word' id='word_1_211' title='bbox 804 2785 899 2834; x_wconf 85' lang='lat' dir='ltr'><strong>antea</strong></span> <span class='ocrx_word' id='word_1_212' title='bbox 921 2769 958 2856; x_wconf 85' lang='grc'><strong>6..</strong></span> <span class='ocrx_word' id='word_1_213' title='bbox 976 2770 1018 2835; x_wconf 82' lang='grc'><strong>19</strong></span> <span class='ocrx_word' id='word_1_214' title='bbox 1040 2770 1167 2854; x_wconf 80' lang='lat' dir='ltr'><strong>attigit,</strong></span> <span class='ocrx_word' id='word_1_215' title='bbox 1197 2789 1236 2838; x_wconf 87' lang='lat' dir='ltr'><strong>ut</strong></span> 
     </span>
     <span class='ocr_line' id='line_1_27' title="bbox 160 2870 1234 2958; baseline 0.004 -21"><span class='ocrx_word' id='word_1_216' title='bbox 160 2895 266 2958; x_wconf 89' lang='lat' dir='ltr'><strong>neque</strong></span> <span class='ocrx_word' id='word_1_217' title='bbox 298 2871 455 2937; x_wconf 84' lang='lat' dir='ltr'><strong>delirasse</strong></span> <span class='ocrx_word' id='word_1_218' title='bbox 482 2870 670 2937; x_wconf 83' lang='lat' dir='ltr'><strong>Meneclem·</strong></span> <span class='ocrx_word' id='word_1_219' title='bbox 691 2884 810 2956; x_wconf 82' lang='lat' dir='ltr'><strong>neque¹</strong></span> <span class='ocrx_word' id='word_1_220' title='bbox 830 2871 1048 2938; x_wconf 86' lang='lat' dir='ltr'><strong>muliebribus</strong></span> <span class='ocrx_word' id='word_1_221' title='bbox 1081 2872 1234 2942; x_wconf 85' lang='lat' dir='ltr'><strong>artificiis</strong></span> 
     </span>
    </p>
   </div>
   <div class='ocr_carea' id='block_1_21' title="bbox 102 2970 1234 3074">
    <p class='ocr_par' dir='ltr' id='par_1_22' title="bbox 102 2970 1234 3074">
     <span class='ocr_line' id='line_1_28' title="bbox 102 2970 1234 3074; baseline 0.002 -35"><span class='ocrx_word' id='word_1_222' title='bbox 102 2970 108 2981; x_wconf 78' lang='grc'><em>“</em></span> <span class='ocrx_word' id='word_1_223' title='bbox 159 2972 332 3039; x_wconf 81' lang='lat' dir='ltr'><strong>inductum</strong></span> <span class='ocrx_word' id='word_1_224' title='bbox 353 2974 394 3048; x_wconf 87' lang='lat' dir='ltr'><strong>ad</strong></span> <span class='ocrx_word' id='word_1_225' title='bbox 416 2997 451 3039; x_wconf 88' lang='lat' dir='ltr'><strong>se</strong></span> <span class='ocrx_word' id='word_1_226' title='bbox 474 2973 696 3074; x_wconf 83' lang='lat' dir='ltr'><strong>adoptandum</strong></span> <span class='ocrx_word' id='word_1_227' title='bbox 718 2972 929 3038; x_wconf 83' lang='lat' dir='ltr'><strong>demonstret.</strong></span> <span class='ocrx_word' id='word_1_228' title='bbox 974 2971 1083 3065; x_wconf 84' lang='lat' dir='ltr'><strong>Hujus</strong></span> <span class='ocrx_word' id='word_1_229' title='bbox 1105 2973 1154 3039; x_wconf 89' lang='lat' dir='ltr'><strong>rei</strong></span> <span class='ocrx_word' id='word_1_230' title='bbox 1177 2998 1234 3041; x_wconf 83' lang='lat' dir='ltr'><strong>ar·</strong></span> 
     </span>
    </p>
   </div>
   <div class='ocr_carea' id='block_1_22' title="bbox 159 3073 1234 3164">
    <p class='ocr_par' dir='ltr' id='par_1_23' title="bbox 159 3073 1234 3164">
     <span class='ocr_line' id='line_1_29' title="bbox 159 3073 1234 3164; baseline 0.005 -25"><span class='ocrx_word' id='word_1_231' title='bbox 159 3090 354 3162; x_wconf 79' lang='lat' dir='ltr'><strong>gementum</strong></span> <span class='ocrx_word' id='word_1_232' title='bbox 380 3074 458 3139; x_wconf 89' lang='lat' dir='ltr'><strong>inde</strong></span> <span class='ocrx_word' id='word_1_233' title='bbox 485 3075 582 3164; x_wconf 86' lang='lat' dir='ltr'><strong>petit,</strong></span> <span class='ocrx_word' id='word_1_234' title='bbox 617 3074 703 3162; x_wconf 90' lang='lat' dir='ltr'><strong>quod</strong></span> <span class='ocrx_word' id='word_1_235' title='bbox 732 3075 858 3140; x_wconf 88' lang='lat' dir='ltr'><strong>dudum</strong></span> <span class='ocrx_word' id='word_1_236' title='bbox 883 3073 929 3139; x_wconf 89' lang='lat' dir='ltr'><strong>ita</strong></span> <span class='ocrx_word' id='word_1_237' title='bbox 960 3098 1071 3140; x_wconf 86' lang='lat' dir='ltr'><strong>secum</strong></span> <span class='ocrx_word' id='word_1_238' title='bbox 1103 3077 1234 3162; x_wconf 82' lang='lat' dir='ltr'><strong>egerint</strong></span> 
     </span>
    </p>
   </div>
   <div class='ocr_carea' id='block_1_23' title="bbox 93 3174 1233 3265">
    <p class='ocr_par' dir='ltr' id='par_1_24' title="bbox 93 3174 1233 3265">
     <span class='ocr_line' id='line_1_30' title="bbox 93 3174 1233 3265; baseline 0.001 -21"><span class='ocrx_word' id='word_1_239' title='bbox 93 3186 95 3189; x_wconf 80' lang='grc'><strong>’</strong></span> <span class='ocrx_word' id='word_1_240' title='bbox 157 3174 362 3258; x_wconf 74' lang='lat' dir='ltr'><strong>adversarii,</strong></span> <span class='ocrx_word' id='word_1_241' title='bbox 398 3177 513 3262; x_wconf 86' lang='lat' dir='ltr'><strong>utqui</strong></span> <span class='ocrx_word' id='word_1_242' title='bbox 542 3176 605 3241; x_wconf 85' lang='lat' dir='ltr'><strong>rite</strong></span> <span class='ocrx_word' id='word_1_243' title='bbox 633 3199 671 3241; x_wconf 86' lang='lat' dir='ltr'><strong>ao</strong></span> <span class='ocrx_word' id='word_1_244' title='bbox 698 3175 846 3261; x_wconf 86' lang='lat' dir='ltr'><strong>legitime</strong></span> <span class='ocrx_word' id='word_1_245' title='bbox 872 3177 1043 3265; x_wconf 78' lang='lat' dir='ltr'><strong>adoptatus</strong></span> <span class='ocrx_word' id='word_1_246' title='bbox 1073 3178 1233 3247; x_wconf 87' lang='lat' dir='ltr'><strong>Meneclis</strong></span> 
     </span>
    </p>
   </div>
   <div class='ocr_carea' id='block_1_24' title="bbox 157 3273 1253 3365">
    <p class='ocr_par' dir='ltr' id='par_1_25' title="bbox 157 3273 1253 3365">
     <span class='ocr_line' id='line_1_31' title="bbox 157 3273 1253 3365; baseline 0 -20"><span class='ocrx_word' id='word_1_247' title='bbox 157 3279 246 3345; x_wconf 86' lang='lat' dir='ltr'><strong>filius</strong></span> <span class='ocrx_word' id='word_1_248' title='bbox 268 3298 306 3344; x_wconf 85' lang='lat' dir='ltr'><strong>eo</strong></span> <span class='ocrx_word' id='word_1_249' title='bbox 333 3276 429 3343; x_wconf 86' lang='lat' dir='ltr'><strong>heres</strong></span> <span class='ocrx_word' id='word_1_250' title='bbox 459 3293 554 3344; x_wconf 81' lang='lat' dir='ltr'><strong>esset.</strong></span> <span class='ocrx_word' id='word_1_251' title='bbox 576 3315 620 3330; x_wconf 82' lang='lat'><strong>·-</strong></span> <span class='ocrx_word' id='word_1_252' title='bbox 640 3275 770 3352; x_wconf 71' lang='grc' dir='ltr'><strong><em>Αὐτοὺς</em></strong></span> <span class='ocrx_word' id='word_1_253' title='bbox 794 3273 923 3352; x_wconf 71' lang='grc' dir='ltr'><strong><em>τούτους</em></strong></span> <span class='ocrx_word' id='word_1_254' title='bbox 942 3276 1104 3364; x_wconf 81' lang='grc' dir='ltr'><strong><em>μάρτυρας</em></strong></span> <span class='ocrx_word' id='word_1_255' title='bbox 1124 3305 1253 3365; x_wconf 54' lang='grc' dir='ltr'><strong><em>παρα»</em></strong></span> 
     </span>
    </p>
   </div>
   <div class='ocr_carea' id='block_1_25' title="bbox 117 3379 1232 3471">
    <p class='ocr_par' dir='ltr' id='par_1_26' title="bbox 117 3379 1232 3471">
     <span class='ocr_line' id='line_1_32' title="bbox 117 3379 1232 3471; baseline 0.007 -30"><span class='ocrx_word' id='word_1_256' title='bbox 117 3448 120 3453; x_wconf 56' lang='grc'>,</span> <span class='ocrx_word' id='word_1_257' title='bbox 158 3380 310 3463; x_wconf 54' lang='lat' dir='ltr'><strong>uzindur:</strong></span> <span class='ocrx_word' id='word_1_258' title='bbox 345 3379 409 3442; x_wconf 80' lang='lat' dir='ltr'><strong>His</strong></span> <span class='ocrx_word' id='word_1_259' title='bbox 436 3379 511 3464; x_wconf 79' lang='lat' dir='ltr'><strong>ipsis</strong></span> <span class='ocrx_word' id='word_1_260' title='bbox 540 3381 729 3471; x_wconf 61' lang='lat' dir='ltr'><strong>adversarios</strong></span> <span class='ocrx_word' id='word_1_261' title='bbox 742 3380 822 3443; x_wconf 63' lang='lat' dir='ltr'><strong>&#39;mdo</strong></span> <span class='ocrx_word' id='word_1_262' title='bbox 844 3403 906 3465; x_wconf 84' lang='lat' dir='ltr'><strong>pro</strong></span> <span class='ocrx_word' id='word_1_263' title='bbox 925 3383 1053 3445; x_wconf 79' lang='lat' dir='ltr'><strong>testibus</strong></span> <span class='ocrx_word' id='word_1_264' title='bbox 1078 3381 1127 3445; x_wconf 78' lang='lat' dir='ltr'><strong>uti</strong></span> <span class='ocrx_word' id='word_1_265' title='bbox 1145 3387 1232 3468; x_wconf 85' lang='lat' dir='ltr'><strong>volo,</strong></span> 
     </span>
    </p>
   </div>
   <div class='ocr_carea' id='block_1_26' title="bbox 155 3478 1232 3877">
    <p class='ocr_par' dir='ltr' id='par_1_27' title="bbox 155 3478 1232 3877">
     <span class='ocr_line' id='line_1_33' title="bbox 157 3478 1232 3569; baseline -0.001 -21"><span class='ocrx_word' id='word_1_266' title='bbox 157 3485 209 3548; x_wconf 76' lang='grc' dir='ltr'><strong><em>καὶ</em></strong></span> <span class='ocrx_word' id='word_1_267' title='bbox 240 3482 307 3566; x_wconf 74' lang='grc' dir='ltr'><strong>ἐμοὶ</strong></span> <span class='ocrx_word' id='word_1_268' title='bbox 333 3485 573 3566; x_wconf 74' lang='grc' dir='ltr'><strong><em>μαρτυροῦντας</em></strong></span> <span class='ocrx_word' id='word_1_269' title='bbox 601 3480 680 3569; x_wconf 74' lang='grc' dir='ltr'><strong><em>ἔργῳ</em></strong></span> <span class='ocrx_word' id='word_1_270' title='bbox 710 3483 762 3546; x_wconf 78' lang='grc' dir='ltr'><strong><em>καὶ</em></strong></span> <span class='ocrx_word' id='word_1_271' title='bbox 793 3479 829 3547; x_wconf 79' lang='grc' dir='ltr'><strong>οδ</strong></span> <span class='ocrx_word' id='word_1_272' title='bbox 850 3478 952 3569; x_wconf 69' lang='grc' dir='ltr'><strong><em>λόγῳε</em></strong></span> <span class='ocrx_word' id='word_1_273' title='bbox 979 3484 1076 3567; x_wconf 78' lang='lat' dir='ltr'><strong>iisque</strong></span> <span class='ocrx_word' id='word_1_274' title='bbox 1100 3485 1232 3566; x_wconf 47' lang='lat' dir='ltr'><strong>talibusj</strong></span> 
     </span>
     <span class='ocr_line' id='line_1_34' title="bbox 156 3581 1232 3676; baseline 0.005 -28"><span class='ocrx_word' id='word_1_275' title='bbox 156 3585 211 3669; x_wconf 74' lang='grc' dir='ltr'><strong><em>ριιί</em></strong></span> <span class='ocrx_word' id='word_1_276' title='bbox 229 3607 291 3648; x_wconf 77' lang='lat' dir='ltr'><strong>oon</strong></span> <span class='ocrx_word' id='word_1_277' title='bbox 308 3584 409 3649; x_wconf 76' lang='lat' dir='ltr'><strong>verbis</strong></span> <span class='ocrx_word' id='word_1_278' title='bbox 429 3583 486 3646; x_wconf 84' lang='lat' dir='ltr'><strong>sed</strong></span> <span class='ocrx_word' id='word_1_279' title='bbox 501 3581 601 3666; x_wconf 61' lang='lat' dir='ltr'><strong>suctu</strong></span> <span class='ocrx_word' id='word_1_280' title='bbox 620 3584 823 3649; x_wconf 73' lang='lat' dir='ltr'><strong>testimouium</strong></span> <span class='ocrx_word' id='word_1_281' title='bbox 839 3608 902 3676; x_wconf 73' lang='lat' dir='ltr'><strong>pro</strong></span> <span class='ocrx_word' id='word_1_282' title='bbox 920 3609 969 3648; x_wconf 84' lang='lat' dir='ltr'><strong>me</strong></span> <span class='ocrx_word' id='word_1_283' title='bbox 989 3586 1097 3650; x_wconf 76' lang='lat' dir='ltr'><strong>edam.</strong></span> <span class='ocrx_word' id='word_1_284' title='bbox 1139 3584 1232 3655; x_wconf 81' lang='lat' dir='ltr'><strong>Nem</strong></span> 
     </span>
     <span class='ocr_line' id='line_1_35' title="bbox 155 3683 1232 3773; baseline -0.001 -23"><span class='ocrx_word' id='word_1_285' title='bbox 155 3686 208 3750; x_wconf 76' lang='grc' dir='ltr'><strong><em>καὶ</em></strong></span> <span class='ocrx_word' id='word_1_286' title='bbox 227 3685 317 3751; x_wconf 90' lang='lat' dir='ltr'><strong>idem</strong></span> <span class='ocrx_word' id='word_1_287' title='bbox 338 3686 374 3751; x_wconf 81' lang='lat' dir='ltr'><strong>h.</strong></span> <span class='ocrx_word' id='word_1_288' title='bbox 396 3685 422 3750; x_wconf 90' lang='lat' dir='ltr'><strong>l.</strong></span> <span class='ocrx_word' id='word_1_289' title='bbox 445 3683 610 3768; x_wconf 81' lang='lat' dir='ltr'><strong>significat</strong></span> <span class='ocrx_word' id='word_1_290' title='bbox 629 3701 725 3772; x_wconf 84' lang='lat' dir='ltr'><strong>atque</strong></span> <span class='ocrx_word' id='word_1_291' title='bbox 747 3688 937 3766; x_wconf 76' lang='grc' dir='ltr'><strong><em>καὶταῦτα,</em></strong></span> <span class='ocrx_word' id='word_1_292' title='bbox 965 3688 1074 3771; x_wconf 78' lang='lat' dir='ltr'><strong>idque,</strong></span> <span class='ocrx_word' id='word_1_293' title='bbox 1104 3698 1136 3750; x_wconf 84' lang='lat' dir='ltr'><strong>et</strong></span> <span class='ocrx_word' id='word_1_294' title='bbox 1159 3691 1232 3773; x_wconf 76' lang='grc' dir='ltr'><strong><em>ραι·-</em></strong></span> 
     </span>
     <span class='ocr_line' id='line_1_36' title="bbox 155 3784 1229 3877; baseline 0.006 -24"><span class='ocrx_word' id='word_1_295' title='bbox 155 3787 226 3853; x_wconf 78' lang='lat' dir='ltr'><strong>dem</strong></span> <span class='ocrx_word' id='word_1_296' title='bbox 235 3831 248 3866; x_wconf 89' lang='lat'>‚</span> <span class='ocrx_word' id='word_1_297' title='bbox 279 3784 372 3873; x_wconf 83' lang='lat' dir='ltr'><strong>cujus</strong></span> <span class='ocrx_word' id='word_1_298' title='bbox 393 3785 524 3871; x_wconf 80' lang='lat' dir='ltr'><strong>generis</strong></span> <span class='ocrx_word' id='word_1_299' title='bbox 546 3800 597 3852; x_wconf 82' lang='lat' dir='ltr'><strong>set</strong></span> <span class='ocrx_word' id='word_1_300' title='bbox 610 3789 714 3854; x_wconf 84' lang='lat' dir='ltr'><strong>mults</strong></span> <span class='ocrx_word' id='word_1_301' title='bbox 731 3790 882 3877; x_wconf 83' lang='lat' dir='ltr'><strong>exemplo</strong></span> <span class='ocrx_word' id='word_1_302' title='bbox 896 3788 966 3855; x_wconf 84' lang='lat' dir='ltr'><strong>vid.</strong></span> <span class='ocrx_word' id='word_1_303' title='bbox 983 3812 1035 3876; x_wconf 85' lang='lat' dir='ltr'><strong>ap.</strong></span> <span class='ocrx_word' id='word_1_304' title='bbox 1053 3788 1229 3859; x_wconf 83' lang='lat' dir='ltr'><strong>Sebeeler.</strong></span> 
     </span>
    </p>
   </div>
   <div class='ocr_carea' id='block_1_27' title="bbox 155 3886 1228 3980">
    <p class='ocr_par' dir='ltr' id='par_1_28' title="bbox 155 3886 1228 3980">
     <span class='ocr_line' id='line_1_37' title="bbox 155 3886 1228 3980; baseline 0.007 -28"><span class='ocrx_word' id='word_1_305' title='bbox 155 3886 197 3953; x_wconf 84' lang='lat' dir='ltr'><strong>sd</strong></span> <span class='ocrx_word' id='word_1_306' title='bbox 217 3887 372 3974; x_wconf 84' lang='lat' dir='ltr'><strong>Longum</strong></span> <span class='ocrx_word' id='word_1_307' title='bbox 392 3911 425 3975; x_wconf 82' lang='lat' dir='ltr'><strong>p.</strong></span> <span class='ocrx_word' id='word_1_308' title='bbox 446 3887 521 3953; x_wconf 81' lang='lat'><strong>351.</strong></span> <span class='ocrx_word' id='word_1_309' title='bbox 544 3887 619 3955; x_wconf 86' lang='lat' dir='ltr'><strong>lnd.</strong></span> <span class='ocrx_word' id='word_1_310' title='bbox 642 3889 836 3976; x_wconf 81' lang='lat' dir='ltr'><strong>edGreger.</strong></span> <span class='ocrx_word' id='word_1_311' title='bbox 856 3888 1008 3957; x_wconf 78' lang='lat' dir='ltr'><strong>Corinth.</strong></span> <span class='ocrx_word' id='word_1_312' title='bbox 1031 3915 1065 3979; x_wconf 80' lang='lat' dir='ltr'><strong>p.</strong></span> <span class='ocrx_word' id='word_1_313' title='bbox 1087 3890 1154 3957; x_wconf 83' lang='lat'><strong>985</strong></span> <span class='ocrx_word' id='word_1_314' title='bbox 1175 3915 1228 3980; x_wconf 86' lang='lat' dir='ltr'><strong>sq.</strong></span> 
     </span>
    </p>
   </div>
   <div class='ocr_carea' id='block_1_28' title="bbox 31 3987 1231 4084">
    <p class='ocr_par' dir='ltr' id='par_1_29' title="bbox 31 3987 1231 4084">
     <span class='ocr_line' id='line_1_38' title="bbox 31 3987 1231 4084; baseline 0.004 -28"><span class='ocrx_word' id='word_1_315' title='bbox 31 4079 33 4084; x_wconf 90' lang='lat'><em>.</em></span> <span class='ocrx_word' id='word_1_316' title='bbox 153 3987 318 4057; x_wconf 73' lang='lat' dir='ltr'><strong>Pritzseh.</strong></span> <span class='ocrx_word' id='word_1_317' title='bbox 343 3988 478 4073; x_wconf 80' lang='lat' dir='ltr'><strong>Quaest.</strong></span> <span class='ocrx_word' id='word_1_318' title='bbox 501 3988 584 4058; x_wconf 82' lang='lat' dir='ltr'><strong>Luc.</strong></span> <span class='ocrx_word' id='word_1_319' title='bbox 605 4016 640 4081; x_wconf 86' lang='lat' dir='ltr'><strong>p.</strong></span> <span class='ocrx_word' id='word_1_320' title='bbox 662 3993 694 4058; x_wconf 83' lang='grc'><strong>9.</strong></span> <span class='ocrx_word' id='word_1_321' title='bbox 723 3990 802 4078; x_wconf 69' lang='grc' dir='ltr'><strong><em>ἔργῳ</em></strong></span> <span class='ocrx_word' id='word_1_322' title='bbox 831 4001 999 4076; x_wconf 80' lang='grc' dir='ltr'><strong><em>μαρτυρεῖν</em></strong></span> <span class='ocrx_word' id='word_1_323' title='bbox 1020 4006 1131 4057; x_wconf 86' lang='lat' dir='ltr'><strong>autem</strong></span> <span class='ocrx_word' id='word_1_324' title='bbox 1153 4016 1231 4061; x_wconf 85' lang='lat' dir='ltr'><strong>sae·</strong></span> 
     </span>
    </p>
   </div>
   <div class='ocr_carea' id='block_1_29' title="bbox 153 4089 1230 4183">
    <p class='ocr_par' dir='ltr' id='par_1_30' title="bbox 153 4089 1230 4183">
     <span class='ocr_line' id='line_1_39' title="bbox 153 4089 1230 4183; baseline 0.005 -26"><span class='ocrx_word' id='word_1_325' title='bbox 153 4089 289 4180; x_wconf 81' lang='lat' dir='ltr'><strong>pissime</strong></span> <span class='ocrx_word' id='word_1_326' title='bbox 319 4090 474 4165; x_wconf 83' lang='lat' dir='ltr'><strong>dicuntur</strong></span> <span class='ocrx_word' id='word_1_327' title='bbox 494 4094 539 4176; x_wconf 89' lang='lat' dir='ltr'><strong>ii,</strong></span> <span class='ocrx_word' id='word_1_328' title='bbox 569 4116 613 4160; x_wconf 85' lang='lat' dir='ltr'><strong>ex</strong></span> <span class='ocrx_word' id='word_1_329' title='bbox 643 4113 785 4178; x_wconf 88' lang='lat' dir='ltr'><strong>quorum</strong></span> <span class='ocrx_word' id='word_1_330' title='bbox 812 4093 907 4160; x_wconf 83' lang='lat' dir='ltr'><strong>lactis</strong></span> <span class='ocrx_word' id='word_1_331' title='bbox 934 4093 984 4160; x_wconf 88' lang='lat' dir='ltr'><strong>rei</strong></span> <span class='ocrx_word' id='word_1_332' title='bbox 1005 4093 1147 4183; x_wconf 81' lang='lat' dir='ltr'><strong>alicujus</strong></span> <span class='ocrx_word' id='word_1_333' title='bbox 1170 4118 1230 4161; x_wconf 88' lang='lat' dir='ltr'><strong>ar·</strong></span> 
     </span>
    </p>
   </div>
   <div class='ocr_carea' id='block_1_30' title="bbox 127 4192 1228 4311">
    <p class='ocr_par' dir='ltr' id='par_1_31' title="bbox 127 4192 1228 4311">
     <span class='ocr_line' id='line_1_40' title="bbox 127 4192 1228 4311; baseline 0.005 -50"><span class='ocrx_word' id='word_1_334' title='bbox 127 4207 310 4311; x_wconf 37' lang='lat' dir='ltr'><strong>lgumente</strong></span> <span class='ocrx_word' id='word_1_335' title='bbox 336 4207 540 4284; x_wconf 84' lang='lat' dir='ltr'><strong>repetuntur.</strong></span> <span class='ocrx_word' id='word_1_336' title='bbox 592 4192 646 4260; x_wconf 79' lang='lat' dir='ltr'><strong>cf.</strong></span> <span class='ocrx_word' id='word_1_337' title='bbox 674 4216 713 4262; x_wconf 78' lang='grc' dir='ltr'><strong>τι</strong></span> <span class='ocrx_word' id='word_1_338' title='bbox 739 4219 769 4262; x_wconf 91' lang='grc' dir='ltr'><strong>ο.</strong></span> <span class='ocrx_word' id='word_1_339' title='bbox 793 4196 834 4261; x_wconf 93' lang='lat' dir='ltr'><strong>de</strong></span> <span class='ocrx_word' id='word_1_340' title='bbox 854 4195 982 4286; x_wconf 77' lang='lat' dir='ltr'><strong>Pyrrh.</strong></span> <span class='ocrx_word' id='word_1_341' title='bbox 1009 4197 1083 4264; x_wconf 87' lang='lat' dir='ltr'><strong>ber.</strong></span> <span class='ocrx_word' id='word_1_342' title='bbox 1106 4196 1145 4283; x_wconf 71' lang='grc'><strong>6.</strong></span> <span class='ocrx_word' id='word_1_343' title='bbox 1168 4197 1228 4272; x_wconf 80' lang='grc'><strong>55.</strong></span> 
     </span>
    </p>
   </div>
   <div class='ocr_carea' id='block_1_31' title="bbox 0 0 1320 4800">
    <p class='ocr_par' dir='ltr' id='par_1_32' title="bbox 0 0 1320 4800">
     <span class='ocr_line' id='line_1_41' title="bbox 0 0 1320 4800; baseline 0 7"><span class='ocrx_word' id='word_1_344' title='bbox 0 0 1320 4800; x_wconf 95' lang='lat' dir='ltr'><strong> </strong></span> 
     </span>
    </p>
   </div>
  </div>
 </body>
</html>
