2632 4800
159 261 229 332 100
289 306 310 317 -
507 256 561 324 ἸΝ
590 252 870 327 ottfflonmt

172 461 176 468 ·
245 453 278 496 v.
292 431 327 496 3.
350 427 605 510 καταλείψαντας.
627 423 708 491 Vid.
724 423 874 492 Lobeelt.
897 423 938 494 ad
952 422 1085 519 Phryn.
1104 448 1241 518 parerg·

160 556 194 621 p.
216 529 291 594 713.
313 528 451 613 efi'arg.
475 548 526 593 or.
548 523 589 592 de
610 524 799 625 Aristanreh.
821 526 896 596 lrer.

244 654 280 697 v.
301 628 335 695 4.
358 627 546 710 ἐπέσκηψαν.
576 622 818 710 Ἔπεσκήψαατο
842 627 1018 696 dicendum
1042 628 1119 700 fuit.
1157 629 1243 699 Vid.

161 725 277 799 Meier.
296 730 336 796 de
358 727 524 822 ord.'jud.
545 753 579 817 p.
601 729 665 794 385
685 746 757 797 not.
778 729 833 797 55.

253 858 288 900 v.
304 832 338 898 8.
367 829 532 913 ἀντίληψις
543 821 624 894 aoid
641 828 829 914 στοχασμὸν.
851 831 937 897 Nam
953 831 1144 900 adversario
1160 832 1244 899 ado·

95 948 117 988 -“
164 934 314 1024 ptionem
334 931 404 998 rite
414 931 536 997 factam
553 955 622 997 esse
638 932 921 1022 negantiopponit
937 948 1028 1001 actor
1041 958 1076 1001 se
1092 934 1248 1021 legitime.

43 1122 47 1126 Ι
167 1035 380 1124 adoptatum,
408 1040 510 1121 qtinm
531 1056 636 1119 neque
657 1032 835 1122 desipuerit
855 1033 1018 1101 Menecles
1039 1060 1145 1122 neque
1166 1060 1244 1103 mu·

165 1137 259 1203 lieris
280 1137 398 1202 fraude
421 1160 459 1200 ae
479 1134 651 1200 blanditiis
673 1135 802 1201 illectus
824 1135 885 1218 sit3
913 1136 978 1201 hoe
998 1137 1109 1225 ipsum
1131 1152 1242 1204 antem

87 1238 91 1251 '
169 1235 357 1328 conjectura
394 1233 487 1323 (κατὰ
516 1231 707 1322 στοχασαὸν)
737 1237 897 1324 probatur
925 1237 962 1324 ᾧ.
992 1238 1034 1304 19
1063 1262 1133 1325 sqq.
1184 1235 1240 1307 cf.

167 1338 303 1407 Ernesti
324 1339 410 1408 Lex.
432 1337 579 1406 technol.
603 1336 662 1404 Gr.
685 1338 771 1406 rhet.
795 1363 828 1428 p.
851 1341 916 1407 277
937 1354 970 1405 et
990 1340 1066 1407 318.

443 1556 494 1623 ln
515 1555 772 1625 orationem
802 1558 961 1648 ipsam.

253 1728 291 1815 ᾖ.
320 1728 352 1797 1.
376 1723 536 1812 Ἡγοῦμην
567 1726 635 1808 μέν.
693 1726 815 1792 Adlrue
840 1728 875 1812 ist
904 1750 945 1792 eo
972 1752 1058 1792 eram
1085 1729 1243 1815 opinione.
1276 1760 1278 1764 ·

169 1828 282 1898 Simili
302 1828 400 1895 initio
421 1829 526 1894 utitur
547 1852 598 1896 or.
621 1828 661 1894 de
682 1827 843 1916 Dicaeog.
867 1827 940 1897 her.
965 1844 997 1895 et
1018 1830 1058 1894 de
1080 1830 1245 1920 Apollod-

169 1931 306 2014 hered.;
334 1930 414 1995 item
436 1928 574 1996 Isocrat.
596 1929 753 2017 Aeginet.
777 1946 809 1996 et
830 1929 913 2022 Lys.
936 1930 973 1996 in
994 1931 1128 1999 Philon.
1175 1928 1247 1999 Sed

155 2033 301 2124 ‚plenius
333 2031 424 2097 idem
444 2031 567 2124 Lysias
589 2031 629 2097 de
651 2033 745 2099 olea:
779 2029 930 2117 πρότερον
950 2033 1009 2116 μὲν
1030 2030 1178 2116 ἐνόμιζον.
1199 2069 1248 2086 ·-·

172 2133 226 2203 cf.
249 2134 290 2200 ad
307 2137 365 2201 or.
389 2133 429 2198 de
450 2132 578 2223 Pyrrhi
599 2134 674 2200 her.
698 2134 735 2221 §t
758 2134 814 2202 25.

183 2246 187 2253 '
255 2235 286 2301 εἷ’
307 2259 353 2310 τις
380 2235 432 2299 καὶ
462 2232 555 2310 ἄλλος
585 2231 721 2318 ἐποιήθη
736 2274 786 2292 .-
806 2273 870 2315 -,
902 2235 953 2299 καὶ
981 2233 1039 2319 dyol
1061 2240 1247 2320 ποιηθῆναι.

170 2337 271 2404 Hune
300 2361 398 2402 usum
426 2336 668 2428 conjunctionis
698 2338 749 2400 καὶ
764 2336 814 2402 ·in
845 2337 987 2403 duorum
1016 2338 1248 2430 membrorum

172 2438 417 2528 comparatione
446 2434 485 2504 ae
513 2437 675 2504 relatione
697 2438 859 2527 exemplis
882 2439 1107 2504 demonstrare
1127 2462 1248 2528 super·

171 2563 353 2610 vacaneum
375 2554 440 2622 est3
466 2539 670 2605 laudandum
691 2554 803 2605 tamen
822 2540 938 2629 patavi
952 2537 991 2606 G.
1008 2539 1048 2610 ll.
1065 2539 1248 2626 Wexium‚

172 2642 229 2730 qui
258 2641 380 2731 optime
402 2641 442 2706 de
469 2641 534 2728 lroc
564 2636 734 2706 idiomatis
762 2663 883 2726 genere
904 2640 1073 2730 disputare
1101 2642 1250 2709 instituit

172 2744 209 2810 in
240 2767 361 2825 comm.
391 2742 432 2808 de
460 2743 524 2809 loc.
553 2742 658 2809 math.
686 2741 724 2808 in
746 2743 834 2810 Plat.
856 2743 946 2811 Men.
975 2769 1008 2832 p.
1031 2743 1075 2809 61
1094 2768 1143 2831 sq.
1190 2742 1248 2813 Gf.

36 2852 40 2859 ’
172 2843 360 2912 Hermann.
388 2844 430 2909 ad
462 2840 567 2933 Soplr.
598 2843 743 2914 Philoct.
774 2869 809 2910 v.
837 2845 914 2912 832.
936 2883 980 2898 -ν
1007 2843 1104 2930 Quod
1136 2860 1249 2911 autem

176 2945 326 3012 Orellius
354 2945 395 3016 ad
423 2945 459 3013 h.
490 2946 515 3013 l.
545 2961 675 3031 monet,
712 2951 870 3011 unstrodae
902 2946 941 3012 de
973 2946 1036 3016 filii
1071 2947 1251 3036 adoptione

176 3047 437 3114 Demosthenem
464 3059 654 3134 ceterosque
682 3060 828 3113 oratores
856 3070 924 3111 non
951 3047 1079 3128 dicere,
1114 3047 1183 3114 nisi
1211 3061 1251 3114 nt

177 3146 299 3216 addant
324 3145 394 3212 olda
421 3173 456 3215 v.
485 3149 600 3229 παῖδα,
633 3147 718 3215 mihi
738 3149 895 3215 videntur
915 3165 1061 3215 oratores
1088 3155 1251 3214 ποιεῖσθαι

176 3248 371 3340 simpliciter
397 3247 545 3340 dixisse,
573 3249 632 3315 ubi
653 3273 706 3316 res
733 3250 803 3339 ipsa
825 3249 956 3315 doceret
977 3250 1056 3336 qnid
1078 3250 1250 3338 signifiea-

176 3367 287 3435 retur,
319 3350 485 3418 addidisse
506 3353 605 3419 παῖδα
626 3376 661 3418 v.
683 3349 768 3430 υἱόν,
796 3351 855 3417 nbi
875 3352 939 3417 hoc
960 3376 1026 3417 non
1049 3351 1160 3417 addito
1181 3350 1251 3419 mi·

179 3467 242 3518 nnts
262 3451 436 3542 perspicua
458 3451 564 3522 oratio
584 3453 697 3521 sutura
718 3452 846 3521 fuisset.
887 3442 1137 3519 ‘Demosthenes
1159 3467 1252 3520 oerte

179 3553 353 3640 aliquoties
380 3553 480 3618 habet
507 3559 685 3632 ποιεῖσθαι,
725 3553 784 3619 ubi
806 3553 892 3646 quod
922 3553 1191 3640 subintelligatur
1213 3553 1254 3621 in

97 3662 100 3669 '
180 3655 365 3748 propinquo
379 3669 439 3724 est.
463 3653 542 3722 Vid.
555 3655 631 3727 adv.
641 3653 744 3745 Spud.
763 3680 797 3745 p.
810 3656 906 3736 1028,
922 3658 977 3728 20.
991 3657 1067 3723 adv.
1082 3655 1253 3725 Leochar·

177 3779 210 3843 p.
222 3755 317 3839 1088,
334 3759 367 3822 5.
393 3759 439 3844 [et
456 3756 531 3822 adv.
541 3757 724 3847 Phaenipp.
742 3776 775 3842 p.
785 3755 897 3840 1045]
909 3758 1017 3844 Atque
1030 3758 1066 3823 in
1082 3758 1155 3842 lege
1166 3779 1254 3843 qnae

179 3855 345 3944 adscripta
363 3874 410 3923 est
428 3881 478 3923 or.
503 3857 548 3923 ll.
567 3859 603 3923 in
625 3856 740 3954 Steph.
758 3883 791 3947 p.
808 3859 903 3940 1133,
919 3862 961 3925 7:
985 3857 1052 3924 ὅσοι
1073 3858 1263 3941 ἐπεποίηντό

181 3972 257 4022 sunt
277 3959 435 4047 adoptivi,
468 3983 604 4047 eamque
624 3984 727 4025 unam
749 3983 817 4024 esse
835 3983 950 4030 veram
967 3961 1032 4026 loci
1055 3961 1259 4049 interpreta-

179 4057 303 4122 tionem
315 4059 556 4134 demonstrasse
573 4050 657 4130 milri
674 4061 791 4128 videor
808 4058 846 4124 in
861 4085 998 4126 censura
1016 4061 1098 4127 libri
1116 4061 1257 4127 Platne·

177 4157 284 4224 riani:
317 4160 388 4223 Der
413 4163 601 4227 Processu.
631 4164 664 4230 d.
687 4165 819 4244 Klageo
847 4175 908 4228 etc.
941 4162 978 4228 in
1000 4163 1139 4231 Annall.
1161 4160 1256 4231 critt.
