2632 4800
629 74 674 137 Χ.

192 220 198 231 ’
296 277 361 347 oa
381 274 611 346 usuacns
632 275 952 367 usuumuora.
1101 280 1169 345 ees
1289 323 1293 331 .

83 448 163 514 olon
175 471 211 514 v.
223 446 401 532 Νεμιοείων
421 447 505 511 sesto
526 445 586 510 has
609 443 764 511 manibus
786 444 923 512 inferias
944 444 1071 513 oblatas
1094 472 1168 516 esse

84 550 226 635 colligas
257 548 476 615 eDemostlr.
508 545 546 610 iu
568 543 672 634 Spud.
702 570 734 635 p.
761 546 858 624 1031,
888 547 948 614 13:
982 547 1169 632 εἶσινιγκοῦ-

83 674 146 734 σης
174 655 230 734 τῆς
260 649 337 734 ἐμῆς
357 647 503 734 γυναικὸς
525 649 566 721 εἷς
587 646 627 711 τὰ
649 647 801 728 Neptuno
822 653 868 733 τῷ
889 649 983 730 πατρὶ
1004 655 1086 731 μνᾶν
1108 648 1168 737 tip-

83 753 205 836 γορίοο.
252 748 307 818 Gs.
327 751 526 837 Harpocrat.
549 748 585 813 h.
607 771 644 818 ν.
666 745 754 831 ἑορτή
774 756 822 822 ’τις
837 739 1060 831 ἦνΝιμὲοιως,
1083 759 1165 816 καθ’

84 852 124 937 ἢν
148 862 212 928 τοϊς
232 852 464 934 κατοιχομένοις
483 849 643 915 lucullove
661 847 702 912 τὰ
724 845 917 931 νομιζόμενα.
960 851 1050 917 Add.
1067 850 1165 922 Suid.

85 974 117 1021 et
141 955 240 1022 Pbot.
265 955 301 1022 h.
323 977 358 1020 ν.
374 953 461 1019 Lex.
483 953 570 1017 rhet.
592 976 626 1038 p.
648 951 724 1033 282,
747 953 801 1016 32.
847 949 989 1020 Causam
1012 953 1062 1018 rei
1083 953 1167 1022 Rei.

84 1057 182 1124 skiua
204 1057 289 1122 bene
310 1053 517 1145 perspexisse
536 1052 668 1119 videtur
684 1053 724 1116 ad
738 1051 913 1120 Demosth.
934 1055 960 1119 l.
982 1056 1008 1119 l.
1033 1053 1166 1146 Quippe

84 1157 242 1248 placandi
273 1171 374 1222 erant·
393 1178 506 1221 manea
535 1177 554 1219 a
580 1152 829 1242 superstitibus,
858 1178 899 1220 ne
920 1172 1165 1243 succenserent,

83 1260 114 1327 si
138 1261 221 1326 forte
242 1281 302 1347 per
322 1246 580 1345 imprudentiam
602 1254 726 1340 aliquid
746 1255 904 1321 adversus
927 1253 989 1344 eos*
1004 1257 1166 1344 deliquis-

85 1376 173 1429 sent.
217 1359 313 1445 Quae
327 1375 436 1431 autem
459 1359 500 1423 ab
523 1356 599 1423 aliis
620 1373 927 1431 commemorantur·
942 1355 1099 1439 Νικοσια,
1121 1363 1164 1428 ab

83 1463 142 1529 his
162 1462 299 1528 nomine
320 1475 449 1525 tantum
466 1458 615 1542 diversa,
644 1483 681 1524 re
696 1459 809 1524 eodem
831 1458 934 1524 luisse
953 1461 1164 1532 crediderim.

85 1564 167 1630 Vid.
196 1563 324 1630 Pollux
344 1559 408 1644 lll,
438 1561 512 1643 102,
555 1558 705 1631 Fuerunt
722 1576 840 1637 ,autem
862 1560 918 1646 qui
940 1561 1058 1640 γενέσια
1080 1587 1165 1649 quo.
1254 1572 1256 1576 ‘

84 1688 151 1754 que
172 1666 289 1731 eadem
311 1689 349 1729 ac
370 1659 494 1727 νεκίσια
515 1686 585 1729 esse
607 1661 772 1744 dicerent,
806 1661 841 1726 id
864 1663 948 1747 quod
973 1662 1163 1754 Hesychius

78 1756 326 1845 ,conmemorat
352 1780 432 1830 tom.
462 1765 538 1852 lp.¹
554 1763 631 1842 815,
658 1765 715 1828 aed
744 1762 792 1827 ita
812 1778 851 1828 ut
868 1765 1043 1852 plerosque
1065 1751 1165 1835 aliter

82 1868 239 1937 statuisse
266 1882 432 1957 appareat.
486 1866 529 1931 Et
549 1889 628 1932 sane
649 1863 691 1931 τὰ
710 1865 827 1948 γενέσια
848 1865 953 1960 natali
973 1867 1083 1955 potius
1105 1886 1164 1937 aut

60 1968 187 2039 'etiam
208 1968 384 2036 emortuali
407 1967 460 2034 die
481 1968 516 2033 in
530 1968 759 2034 defunctorum
779 1967 975 2032 memoriam
997 1972 1163 2039 celebrata

81 2071 321 2156 videntur.(cl.
344 2069 493 2141 Lobeck.
517 2071 559 2135 ad
576 2069 708 2159 Pbryn.
731 2095 763 2158 p.
780 2053 871 2135 lllll.x
888 2068 942 2135 lle
964 2093 1048 2137 sacr.
1070 2072 1160 2160 prir.

80 2171 148 2243 Ill.
171 2154 272 2264 pl.)
294 2172 336 2237 ab
353 2170 546 2239 bominibus
566 2170 858 2260 religiosioribus.
887 2171 1029 2239 Inferias
1049 2189 1162 2244 autam
1274 2206 1279 2212 ·

57 2303 110 2363 ⁸a
132 2276 300 2367 plerisque
325 2297 392 2340 non
423 2274 535 2363 plures
568 2275 627 2339 aad
654 2274 803 2362 singulae
831 2274 1005 2360 quotannis
1032 2277 1164 2346 oblatas

56 2402 158 2447 'esse
184 2375 269 2443 illud
291 2375 475 2443 verisimile
496 2374 592 2460 facit,
626 2377 714 2463 quod
738 2392 808 2441 tam·
825 2378 922 2464 caepe
943 2375 1067 2461 legitur
1088 2378 1162 2444 dra..

80 2482 173 2568 γίζιιν
200 2475 284 2544 καθ’
314 2476 444 2542 ἕκαστον
472 2475 624 2544 ἐνιαυτόν.
647 2515 691 2527 -
720 2475 876 2545 Ceterum
896 2501 996 2563 quam
1018 2479 1162 2568 conjun-

79 2599 157 2650 ctus
178 2579 405 2648 biu'manium
427 2582 534 2646 cultus
556 2604 630 2645 cum
652 2584 737 2664 θεῶν
763 2576 918 2665 πατρῴων
938 2579 1160 2666 religionibus

78 2683 203 2766 fuerit,
241 2705 295 2747 res
322 2680 650 2770 ipsa-'demonstrat,
685 2704 786 2767 quum
819 2681 911 2766 cujus
928 2681 1012 2768 quis
1043 2706 1165 2753 manea.

80 2788 226 2869 colorat,
261 2782 361 2874 hujus
382 2783 482 2849 etiam
509 2782 576 2868 ἱερὰ
597 2789 728 2871 πατρῷα
750 2806 826 2849 eum
847 2782 957 2849 colere
979 2802 1159 2874 oporteret.

76 2889 271 2974 Utrumque
301 2884 392 2961 enim
419 2908 438 2950 a
464 2885 656 2975 parentibus
684 2885 725 2951 ad
751 2885 875 2952 liberos
900 2889 1155 2977 propagabatur.
1305 2976 1314 2993 .

462 3150 773 3173 m·-
