2632 4800
23 204 287 363 Jaac.
484 198 928 323 monmutensi
1049 304 1058 323 ,

122 424 195 515 ipso
221 424 295 490 loco
321 445 413 489 usus.
461 418 591 487 Verum
621 433 658 484 ut
685 413 773 502 οἶμαι
799 424 971 509 nunqnam
999 444 1063 512 pro
1091 419 1244 507 οἴομαι

123 525 191 593 dici
219 522 318 591 facile
349 520 469 607 credo,
509 516 558 587 ita
588 517 694 602 cibant
722 537 833 587 temen
860 544 922 611 pro
950 518 1044 612 οἶμαιΙ
1059 521 1221 609 dictum,

123 626 162 694 b.
183 650 214 693 c.
236 624 277 690 de
297 638 385 690 certe
404 621 616 712 persuasione
636 622 763 688 nonde
783 621 909 690 incerta
931 623 1088 714 opinione
1108 625 1214 717 posi·

55 759 58 764 ·
123 741 213 808 tum,
247 725 404 791 damnare
430 723 582 810 equidem
613 746 682 789 non
709 723 828 792 ausim.
871 724 923 795 Ite
944 750 974 793 e.
997 750 1027 793 c.
1050 742 1137 794 orat.
1160 726 1203 793 de

123 827 267 896 Nicostr.
289 826 362 892 ber.
386 824 424 914 ἦ.
446 826 490 891 20
508 819 597 906 οἶμαι
617 823 684 890 dici
703 825 849 915 potuisse
869 850 968 894 nemo
991 842 1110 915 neget3
1141 852 1195 894 ne·

55 975 75 1005 s
125 952 189 1016 quo
209 933 321 995 tamen
342 925 448 1011 οἴομαι
467 925 626 993 vitiosum
646 942 738 1015 puto.
782 926 993 1015 Quamquam
1007 928 1195 1018 proclivem

124 1029 164 1099 in
183 1045 252 1097 turn
268 1027 361 1096 tenui
373 1025 473 1094 unius
493 1025 609 1092 literae
624 1014 818 1093 ¹discrimine
830 1028 1048 1097 librariorum
1067 1031 1195 1121 lapsum

125 1131 227 1199 luisse
254 1144 287 1199 ct
302 1117 369 1199 ¹res
395 1128 467 1219 ipsa
495 1127 658 1214 ostendit,
695 1143 727 1195 et
757 1131 920 1220 exemplis
954 1146 1100 1221 apparet.
1145 1129 1200 1198 cf..

124 1256 198 1302 var.
220 1233 298 1300 lect.
321 1231 363 1297 ad
385 1254 437 1300 or.
459 1229 500 1295 de
522 1227 638 1296 ciaon.
660 1231 733 1298 ber.
763 1231 801 1321 ἦ.
823 1233 879 1301 28.
923 1229 990 1300 Sed
1012 1231 1120 1323 οἴομαι
1138 1256 1197 1322 pre

126 1331 214 1417 οἶμαι
232 1333 364 1421 'legitur
390 1331 491 1399 etiam
518 1331 603 1421 apud
624 1329 801 1400 Demosth.
833 1348 895 1400 etr.
921 1332 1059 1423 Aphob.
1088 1333 1143 1401 Ill
1162 1358 1197 1423 Ρ.

126 1435 202 1521 853,
232 1435 266 1503 6.
293 1433 452 1522 Xenopb.
483 1433 610 1501 Oecon.
642 1432 696 1517 16,
724 1436 757 1501 2.
807 1434 918 1503 Aliter
944 1451 1056 1502 autem
1079 1437 1123 1513 da
1140 1435 1195 1503 bis

82 1551 84 1557 ’
125 1536 243 1604 formis
263 1535 376 1603 statuit
397 1531 595 1602 Scbaeferus
610 1533 701 1623 ΑΡΡ.
724 1535 797 1602 crit.
819 1533 873 1603 lv
893 1524 929 1626 Ρ.’
950 1538 1025 1603 162.
1061 1538 1110 1618 [et
1129 1536 1200 1602 Eo·

93 1628 95 1633 ’
122 1638 284 1723 gellordt.
306 1637 448 1706 Annott.
470 1635 558 1702 critt.
579 1634 616 1700 in
637 1635 813 1704 Demostb.
837 1653 932 1703 oratt.
954 1659 987 1724 Ρ.
1008 1640 1053 1703 22
1072 1641 1138 1725 sq]

182 1776 183 1780 =
210 1741 268 1823 τὴν
295 1735 438 1824 ἐξεγγῦην
466 1735 514 1802 ὅτι
543 1734 709 1802 ἀπέδωκεν.
759 1738 910 1827 Apparet
936 1735 1076 1833 ἒξεχγύην
1104 1740 1153 1807 h..
1171 1740 1207 1809 la·

50 1896 66 1943 q
127 1840 193 1908 dici
212 1864 273 1930 pro
287 1840 430 1929 simplici
452 1835 560 1924 ἐγγύην
566 1886 580 1920 ,
608 1840 696 1927 quod
713 1854 763 1906 est
776 1840 814 1907 in
827 1841 891 1906 bec
912 1839 984 1930 ipsa
1004 1840 1200 1935 loquutione

127 1967 180 2031 ap.
202 1940 381 2016 Demosth.
403 1940 480 2010 adv.
502 1939 644 2008 Nicostr.
665 1966 700 2030 Ρ.
723 1941 819 2026 1255,
840 1945 884 2009 2ε
914 1940 959 2025 μὴ
982 1939 1124 2031 ἀποδιδῷ
1142 1941 1200 2027 τὴν

127 2039 246 2128 ἐγγύην.
299 2039 353 2110 cf.
382 2041 430 2110 16.
461 2040 539 2123 adv.
572 2040 715 2131 Apatur.
744 2068 779 2133 p.
801 2045 878 2128 906,
909 2045 963 2110 17.
994 2045 1050 2111 26.
1100 2044 1201 2113 Alias

88 2154 91 2161 '
127 2159 236 2211 autem
258 2138 378 2228 ἐξερρύη
410 2156 442 2208 et
470 2142 674 2228 ἑξεγγαᾶσθαι
695 2144 828 2233 proprie
850 2142 971 2210 dicitur
993 2145 1033 2211 de
1056 2170 1115 2232 co,
1143 2145 1201 2237 qui

95 2268 98 2273 ’
125 2244 332 2337 fidejubendo
361 2245 502 2310 altarum
528 2234 673 2312 vinculis
696 2246 829 2312 liberat.
883 2243 937 2314 cf.
961 2246 1000 2312 de
1023 2247 1097 2315 ord.
1126 2247 1200 2338 jud.

125 2374 159 2438 Ρ.
177 2347 253 2415 521.
266 2383 309 2395 --
329 2341 377 2410 ὅτι
398 2345 585 2436 conjunctio
607 2363 681 2435 post
703 2343 859 2443 (19111316
880 2349 979 2437 plane
1001 2364 1050 2414 est
1071 2373 1117 2415 ex
1135 2372 1201 2415 usn

48 2456 53 2465 ’
127 2447 327 2538 optimorum
349 2471 554 2534 quorumque,
572 2447 788 2537 scriptorum,
809 2447 914 2539 ‚cujus
937 2449 1063 2537 aliquot
1084 2473 1200 2517 exem·

12 2629 13 2632 ¹
126 2552 181 2640 ple
201 2571 308 2638 nuper
321 2547 483 2638 congessit
498 2546 577 2616 Car.
591 2546 619 2616 F
621 2548 804 2617 oertschius
817 2550 920 2620 Obss.
942 2550 1032 2618 critt.
1054 2548 1094 2616 in
1113 2549 1198 2644 lays.

35 2717 39 2722 f
93 2726 96 2731 ,
149 2649 225 2720 ‚45
246 2674 297 2736 sq.

125 2677 146 2742 P
210 2748 360 2829 611αβε.
404 2745 487 2816 Scil.
519 2742 632 2832 οὗτος,
658 2748 887 2840 Dicaeogenes
914 2750 981 2820 lll.
1032 2749 1100 2819 Setl
1131 2766 1200 2822 tam

124 2853 268 2921 subitam
295 2850 434 2942 subjecti
461 2851 699 2939 mutationem,
738 2853 799 2918 ubi
825 2853 914 2920 nihil
935 2853 1147 2921 obscuritatis
1168 2869 1201 2923 at

125 2954 349 3041 ambiguitatis
372 2952 515 3019 existere
535 2968 663 3042 potest,
692 2977 759 3020 non
780 2957 950 3042 refugiunt
970 2970 1132 3024 oratores.
1156 2957 1199 3025 cf.

126 3057 166 3123 dc
186 3055 385 3125 Philoctem.
408 3055 482 3121 her.
506 3054 541 3143 §.
563 3055 596 3123 5.
621 3055 662 3121 dc
685 3052 755 3123 Gir.
778 3058 852 3126 ber.
884 3058 921 3148 ἦ.
944 3059 999 3124 36.
1024 3057 1201 3127 Demosth.

126 3173 187 3224 ctr.
209 3156 349 3225 Pborm.
379 3181 412 3245 p.
435 3157 511 3240 912,
533 3160 574 3224 7:
611 3155 646 3232 ὃς
666 3155 722 3222 οὐκ
744 3157 876 3245 ἔφασκεν
897 3155 969 3224 οὕτε
990 3157 1030 3223 τὰ
1048 3157 1206 3246 χρήματα

125 3261 320 3323 ἐντεθεῖσθαι
345 3263 456 3322 τοῦτον
462 3306 472 3336 ,
505 3255 575 3323 οὔτε
601 3256 637 3323 τὸ
657 3259 786 3344 χρυσίον
813 3258 1022 3346 ἀπειληφέναι.
1044 3262 1120 3329 scil.
1144 3259 1202 3327 αὖ·

124 3357 188 3436 τός.
231 3358 282 3427 16.
305 3382 366 3449 pro
387 3358 526 3427 Phorm.
556 3385 590 3449 p.
613 3358 689 3443 945,
712 3363 751 3428 6:
781 3366 882 3426 ταῦτα
903 3360 1006 3426 πάντα
1027 3363 1202 3448 πεποιηκώς

128 3463 277 3549 Φορμίων
306 3498 349 3511 -
376 3495 421 3510 κ-
448 3459 549 3545 luetis}
582 3461 682 3548 φέρειν
714 3462 952 3543 ciulac-coricus
991 3459 1092 3530 σῖόστ’
1126 3466 1197 3545 ἔστι,

125 3564 213 3647 δίκην
244 3560 348 3646 λαχών
381 3560 466 3653 αὐτῷ
486 3560 603 3647 ταύτην
626 3573 822 3650 συκοφαντεῖ.
844 3588 890 3632 sc.
915 3555 1006 3640 οὗτος
1012 3613 1024 3644 ,
1051 3563 1200 3649 Ἀπολλόή

126 3664 235 3750 inquo.
279 3662 331 3730 Id.
355 3665 431 3733 adv.
455 3662 560 3754 Spud.
583 3689 616 3754 Ρ.
641 3665 737 3750 1631,
759 3667 819 3731 21:
848 3663 1022 3732 αἰτιάσεται
1042 3662 1198 3734 61Πολῦ-

125 3789 232 3830 ευκτον
260 3767 312 3828 καὶ
340 3765 397 3857 τὴν(
418 3777 549 3852 γυναῖκα
579 3763 677 3832 αὐτοῦ
704 3769 756 3832 καὶ
778 3763 868 3854 φήσει
888 3773 990 3833 ταῦτα
1011 3767 1117 3836 πάνθ’
1139 3767 1195 3835 ὑπ’

126 3865 201 3945 ἐμοῦ
221 3866 406 3943 πεισθέντας
426 3869 705 3954 καταχαρίσασθαι
719 3906 763 3919 -·-
776 3872 828 3934 καὶ
848 3867 967 3956 μεγάλα
987 3869 1196 3953 βλάπτεσθαι.

127 3989 173 4031 sc.
197 3962 299 4063 αὐτός.
345 3968 407 4035 Or.
441 3969 478 4036 in
498 3969 618 4037 Neaer.
645 3994 678 4061 p.
701 3969 798 4052 1381,
830 3974 893 4039 231
931 3977 993 4038 τῶν
1014 3969 1120 4058 νόμων
1143 3970 1196 4037 αὖ·

126 4067 188 4128 τῶν
209 4061 333 4132 ἀκούετε
346 4105 389 4120 ·—-
406 4070 440 4135 τί
458 4067 613 4138 κελεύουσι
633 4073 685 4137 καὶ
705 4073 742 4146 τί
756 4071 1007 4159 παραβεβήκασι.
1030 4100 1078 4143 sc.
1102 4064 1197 4154 οὗτοι,

50 4228 54 4232 ,
124 4163 154 4230 αἱ
185 4163 343 4277 inlitam.
397 4169 485 4245 1616.
514 4199 548 4264 Ρ.
571 4174 668 4262 1385,
698 4175 757 4242 19:
797 4173 870 4263 att?
890 4174 938 4255 7στί
965 4183 1096 4262 γυναῖκα
1125 4171 1200 4242 εἶναι
