2632 4800
256 295 321 365 DE
342 294 725 365 PHILOGTEMONIS
745 296 1079 370 tfflnmlrara..
1135 304 1200 370 317

126 462 300 533 Chaereae
328 465 484 550 viduam,
518 467 602 550 sibi,
637 481 675 532 ut
694 468 850 556 proximo
881 486 1038 557 cognato,
1070 471 1107 538 in
1127 496 1200 539 ma-

125 568 325 635 trimonium
339 569 411 634 dari
428 571 571 657 postulat
589 584 755 656 tamquam
773 571 970 660 epiclerum,
993 598 1067 639 cum
1086 575 1200 661 quintu

127 668 323 736 hereditatis
343 686 435 759 parte
442 697 452 752 3
485 671 525 736 de
554 694 615 756 qua
637 671 795 760 petitione
816 673 894 758 quid
916 675 1125 740 statuendum
1146 676 1200 743 vi-

129 770 265 851 deatur,
293 774 405 860 paullo
435 787 508 861 post
536 797 718 861 exponam3
752 773 890 857 deinde,
921 798 1023 860 quum
1044 776 1091 841 ita
1112 777 1200 843 nihil

129 874 245 961 profici
265 897 360 960 posse
380 873 600 959 intelligeret,
630 899 696 940 una
718 899 792 940 cum
813 874 980 941 Antidoro
1002 892 1142 947 tutorem
1163 902 1199 943 se

130 978 301 1059 profitetur
322 976 448 1040 duobus
470 978 570 1042 Alces
591 976 688 1059 filiis,
717 977 779 1042 hos
801 977 842 1041 ab
864 976 1065 1043 Euctemone
1086 978 1200 1065 legiti-
1311 977 1315 982 ’

135 1098 187 1142 mo
200 1066 412 1143 matrimonio
435 1101 452 1140 e
470 1075 622 1167 Callippe
633 1078 807 1144 Pistoxeni
828 1078 898 1143 filia
918 1094 1105 1167 procreatos
1128 1104 1198 1145 esse

136 1194 305 1256 asseverat,
327 1203 490 1264 quumque
508 1194 737 1246 testamentum
745 1178 1016 1264 Philoctemonis,
1039 1205 1102 1267 quo
1118 1180 1199 1247 ado·

138 1292 237 1363 ptatus
263 1281 429 1345 diceretur
462 1279 732 1365 Chaerestratus,
768 1283 901 1348 nullum
929 1282 994 1366 sit,
1034 1296 1137 1349 totam
1165 1296 1199 1349 et

141 1376 344 1471 Euctemonis
372 1397 404 1446 et
424 1381 684 1448 Philoctemonis
714 1384 931 1450 hereditatem
962 1384 1034 1449 istis
1060 1383 1197 1470 pupillis

142 1481 197 1548 tuis
218 1483 330 1548 deberi
352 1482 530 1548 contendit.
573 1484 684 1570 Atque
711 1500 748 1550 ut
768 1486 907 1570 repellat
929 1483 1198 1552 Chaerestratum

143 1579 355 1670 imperterrite
377 1584 580 1674 interponit,
616 1609 684 1652 non
705 1610 800 1675 posse
821 1586 1038 1652 hereditatem
1058 1588 1095 1651 in
1117 1609 1197 1652 con·

142 1687 323 1754 troversiam
334 1687 465 1753 vocari:
496 1710 665 1775 superesse
686 1686 776 1752 enim
795 1687 962 1772 legitimos
984 1686 1196 1773 Euctemonis

139 1781 230 1872 filios,
252 1788 536 1855 Philoctemonem
556 1804 665 1853 autem
676 1788 865 1855 intestatum
878 1788 1011 1856 obiisse.
1055 1787 1197 1878 Propter

139 1880 213 1955 hanc
243 1891 471 1975 διαμαρτυρίαν
498 1889 777 1956 falsitestimonii
798 1892 1025 1979 postulatura
1048 1889 1195 1957 Chaere·

89 2023 93 2037 ·
137 2000 239 2059 msto.
282 1991 371 2058 Huic
398 1991 625 2080 patrocinatur
646 1991 693 2075 is,
732 1992 786 2057 cui
806 1993 889 2058 haec
910 1992 1017 2058 oratio
1038 1993 1079 2056 ab
1100 1991 1196 2057 lsaeo

137 2093 248 2183 scripta
271 2109 332 2159 est.
375 2092 435 2159 Est
455 2093 559 2179 igitur
580 2095 662 2160 haec
683 2096 871 2180 συνηγορία,
903 2095 960 2160 sed
983 2093 1081 2176 talis,
1113 2115 1196 2180 quae

135 2207 290 2261 wmmam
322 2194 421 2261 totius
459 2219 574 2261 causae
604 2197 676 2261 sola
707 2196 883 2263 contineat.
945 2193 1195 2262 Chaerestratus

136 2294 233 2376 enim,
265 2297 442 2362 admodum
456 2298 664 2379 adolescens,
687 2298 775 2363 nihil
790 2298 856 2363 nisi
872 2299 973 2364 breve
986 2296 1195 2385 prooemium

110 2400 354 2475 1Prouuntiasse
382 2398 533 2479 videtur,
570 2398 605 2462 in
634 2421 736 2483 eoque
759 2398 1020 2464 adolescentiam
1047 2412 1196 2464 suamet

135 2490 256 2566 dicendi
265 2499 467 2587 imperitiam
482 2514 630 2564 causatus
643 2499 775 2587 petiisse
797 2523 816 2563 a
837 2500 1020 2589 judicibus,
1048 2514 1084 2564 ut
1106 2501 1195 2564 hune

131 2610 222 2667 tuum
252 2617 431 2690 patronum
461 2602 563 2666 verba
591 2623 652 2685 pro
679 2623 715 2663 se
744 2601 853 2665 iacere
879 2601 1037 2666 sinerent.
1080 2599 1216 2686 Neque'

128 2710 250 2774 Poterat
271 2727 349 2769 sane
370 2726 429 2791 per
449 2700 682 2773 verecundiam
712 2715 743 2765 et
763 2701 918 2788 pietatem
941 2702 982 2767 de
1003 2699 1059 2768 avi
1078 2722 1195 2788 pecca·

127 2790 171 2863 ¹58
191 2828 209 2869 a
230 2819 347 2893 nepote
368 2804 474 2869 libere
496 2819 527 2868 et
548 2818 583 2867 ut
606 2826 658 2867 res
680 2804 866 2890 postulabat
888 2802 1023 2890 exponi.

207 2905 344 2972 Eximia
374 2922 482 2970 autem
507 2920 577 2969 arte
604 2905 685 2968 haec
707 2928 804 2969 causa
832 2906 873 2970 ab
904 2903 998 2970 Isaeo
1022 2917 1193 2971 tractatur.

118 2981 209 3073 Nam
223 3032 324 3095 quum
339 3007 368 3072 si
385 3005 769 3071 intestatusPhilootemo
781 3005 982 3088 decessisset,
1013 3028 1084 3070 non
1092 2996 1199 3096 hujus¹

116 3106 229 3193 ¹¹lanc,
259 3110 316 3175 sed
337 3108 548 3173 Euctemonis
577 3108 742 3173 hereditas
765 3132 784 3172 a
806 3106 1036 3173 Chaerestrato
1058 3106 1197 3174 ceteris·'

114 3208 205 3305 (illle,
227 3213 284 3297 qui
305 3234 339 3275 se
360 3210 531 3299 proximos
553 3209 706 3274 defuncto
727 3211 925 3296 probarent,
948 3209 1087 3298 petenda
1108 3209 1194 3276 suis-

115 3310 192 3395 δεῖ,
221 3315 285 3377 hoc
306 3311 452 3400 primum
475 3311 688 3393 demonstrat,
717 3325 749 3375 et
770 3312 961 3399 adoptatum
982 3335 1051 3377 esse
1073 3311 1193 3377 Philo·

115 3414 283 3479 stemonis
312 3428 504 3479 testamento
528 3409 813 3496 Chaerestratnm,
856 3429 888 3479 et
908 3412 1041 3480 licuisse
1067 3412 1122 3477 illi
1143 3427 1193 3479 te·

92 3516 97 3530 '
118 3520 321 3581 tetamentum
342 3514 466 3580 facere:
495 3539 571 3579 nam
592 3515 656 3578 hoc
673 3538 801 3600 quoque
822 3513 1008 3582 adversarii
1028 3537 1095 3578 uon
1118 3513 1193 3600 qui·

119 3602 199 3682 dem
221 3616 260 3681 in
278 3617 486 3703 διαμαρτυρίᾳ
492 3664 503 3695 ,
532 3616 588 3681 sed
608 3617 770 3681 tamenin
788 3615 929 3682 anserisi
946 3616 1191 3701 negaverantd)

121 3704 199 3785 lam
232 3741 313 3784 vero
345 3732 382 3782 ut
410 3718 628 3796 demonstret,
664 3740 732 3784 uon
763 3741 832 3783 esse
853 3714 1064 3781 Euctemonis
1091 3715 1191 3792 filios,
1231 3794 1242 3817 Ι

120 3820 178 3907 qui
207 3820 249 3884 ab
272 3819 475 3885 adversariis
498 3820 669 3903 dicautur,
706 3834 941 3907 proptereaque
969 3840 1100 3883 omnem
1121 3816 1191 3881 Eu-

122 3920 282 3988 ctemonis
304 3921 520 3985 hereditatem
543 3921 581 3984 ad
606 3920 773 3985 neminem
794 3918 860 3983 nisi
875 3919 915 3982 ad
937 3918 1093 3982 heredem
1107 3917 1191 3983 Phi-

119 4021 315 4091 loctemonis
336 4021 517 4109 pertinere,
547 4022 601 4088 cui
621 4023 753 4108 quidem
773 4019 854 4107 ipsi,
882 4019 913 4086 si
933 4018 1080 4102 viveret,
1101 4020 1190 4086 haud

152 4236 183 4307 ⁰)
201 4234 271 4294 vid.
291 4236 319 4305 ξ.
337 4239 372 4295 52
390 4255 414 4297 c.
434 4244 496 4294 not.
