2632 4800
105 315 109 323 ,
166 247 246 317 ,σαν
365 270 382 299 -.
445 200 453 219 “
535 198 921 311 ruomriouuu
975 270 977 275 -

184 412 240 498 qui
255 410 491 479 condemnetur
508 431 547 475 ec
561 431 668 498 poene
685 408 865 501 efficietur,
887 396 943 474 erit
961 431 1037 475 eum
1051 407 1109 495 qui
1118 455 1130 493 ,
1151 432 1257 497 quum

160 573 163 583 .
185 512 420 578 condemnatus
439 510 505 596 sit,
531 510 682 576 noudum
697 525 805 575 temen
821 532 945 598 poenes
966 509 1140 598 persolvit.
1185 510 1257 578 lte·
1305 514 1308 521 ⁴

185 638 248 701 que
269 613 381 699 ὀφείλει
402 614 490 695 δίκην
504 610 574 696 ἤτοι
594 607 610 675 ὃ
629 607 724 694 μήπω
745 608 866 697 ὀφλών,
886 609 907 693 ἢ
928 607 946 675 ὅ
968 609 1074 696 ὀφλὼν
1094 611 1151 694 μὲν
1170 609 1256 675 ἀλλὰ

184 713 278 815 μήπω
299 715 432 789 ἐκτίσας.
474 713 636 781 Neutrum
652 713 731 778 huic
748 714 822 780 loco
840 713 1019 778 convenire
1040 713 1259 813 menifestum

187 830 254 895 est,
283 815 498 903 quemobrem
520 839 585 880 uon
608 813 756 880 dubitavi
779 808 882 898 ὀφλεῖν
903 813 1003 880 etiem
1024 830 1139 881 contre
1163 814 1260 881 eodi-

186 942 239 985 ces
260 917 452 983 rescribere.
497 915 609 1002 Quem
622 939 717 1004 saepe
734 915 816 980 haec
836 930 1064 1003 permutentur
1084 915 1259 999 neminem

185 1018 283 1105 sugit.
326 1017 420 1101 ldem
439 1016 560 1084 vitium
583 1017 667 1105 apud
692 1015 953 1082 Demosthenem
973 1032 1034 1083 ctr.
1057 1017 1195 1106 Aphob.
1217 1016 1258 1084 ll

185 1145 219 1209 p.
237 1120 313 1198 836,
333 1119 498 1186 benstulit
510 1116 708 1202 Bekkerus,
729 1140 903 1206 perperam
916 1119 1113 1205 obloquente
1129 1117 1261 1186 Schue-

186 1222 272 1289 iero.
319 1218 457 1287 Scilicet
486 1231 612 1287 tutores
638 1218 875 1285 Demosthenis
905 1220 1098 1285 mandatnm
1124 1221 1193 1286 sibi
1215 1222 1260 1287 ub

188 1322 257 1411 ejus
277 1320 369 1411 ps'tre
389 1319 649 1403 simulaverant,
678 1336 716 1385 ut
740 1320 806 1399 filii
827 1321 1126 1409 patrimoniumue
1148 1324 1263 1389 eloce-

187 1408 261 1488 ient
287 1438 459 1513 propterea
482 1423 568 1508 quod
598 1444 679 1488 evus
707 1421 777 1510 ejus
798 1426 843 1508 τῷ
871 1423 1011 1510 δημοσίῳ
1038 1421 1172 1509 ὀφείλων
1192 1423 1263 1489 'ere-

188 1521 331 1606 λεότησεν
351 1524 387 1589 h.
406 1547 435 1589 e.
452 1539 602 1589 mortuus
617 1537 701 1589 esset
718 1523 862 1608 mulcta,
886 1524 926 1588 ad
942 1547 1041 1610 quem
1056 1525 1263 1592 condemne-

124 1621 130 1629 ’
188 1641 240 1697 tus
261 1638 349 1708 eret,
385 1625 514 1691 eersrio
542 1649 608 1690 nou
639 1618 817 1712 persoluta.
852 1625 979 1691 ·Testes
1012 1643 1144 1711 eutem,
1177 1650 1262 1713 quos

153 1744 156 1751 ·
186 1725 433 1816 produxerunt,
471 1750 539 1792 nou
569 1726 655 1791 illud
684 1723 727 1801 ὡς
753 1724 883 1810 ,ὤφειλεν
911 1726 1101 1812 edixerant,
1136 1730 1196 1794 sed
1219 1727 1263 1805 ὥς

189 1819 289 1914 ὦφλεν
318 1829 355 1894 h.
389 1853 419 1894 e.
451 1821 521 1894 uon
552 1852 628 1893 eum
656 1827 838 1893 debitorem
860 1827 967 1893 adbuc
995 1829 1121 1912 fuisse,
1157 1855 1263 1917 quum

188 1945 393 2013 moreretur,
425 1931 481 1996 sed
516 1954 585 1996 esse
607 1930 784 2015 aliquando
815 1930 855 1994 ed
879 1931 1037 1996 mulctam
1059 1932 1263 1997 condemua-
1299 1928 1302 1933 ’

188 2047 271 2098 tum.
324 2031 433 2116 Atque
463 2031 526 2096 hoc
560 2029 629 2120 ipse
656 2030 897 2097 Demosthenes
923 2055 992 2098 nou
1021 2047 1138 2120 neget,
1174 2033 1261 2115 illud

58 2156 68 2209 χ
116 2202 121 2213 .
189 2135 329 2198 alterum
351 2134 524 2201 confictum
553 2154 622 2198 esse
645 2133 763 2219 arguit.
811 2132 898 2198 Falli
920 2149 1029 2200 eutem
1052 2135 1188 2202 videtur
1208 2135 1262 2204 vir

189 2233 486 2323 praestantissimus
521 2233 622 2299 etiem
656 2233 693 2299 iu
725 2234 923 2323 explicando
952 2237 1056 2303 verbo
1088 2235 1259 2330 ἐνεβάλετο,

191 2335 275 2422 quod
290 2335 525 2423 interpretetur
535 2335 688 2420 jactavit.
730 2336 833 2422 Atqui
851 2333 1064 2419 ἐμβάλλεσθαι
1077 2363 1259 2427 uunquam,

190 2436 435 2524 qnod-teiam,
466 2436 630 2521 significet
649 2437 782 2522 jactare
810 2440 846 2505 h.
871 2461 902 2505 e.
926 2440 1033 2505 crebro
1055 2464 1097 2516 ne
1124 2442 1261 2507 studiose

65 2548 69 2553 '
190 2540 357 2623 dictitare,
395 2538 451 2604 sed
476 2538 609 2625 jacere,
644 2541 827 2607 metationem
857 2540 1002 2626 injicere,
1040 2543 1260 2629 quodscmel

177 2642 226 2708 dt
247 2656 279 2707 et
298 2642 491 2730 plerumque
507 2641 617 2707 obiter
637 2655 783 2725 tentum,
807 2658 917 2729 estque
934 2645 974 2709 ab
997 2646 1032 2711 h.
1048 2646 1073 2708 l.
1098 2644 1258 2714 alienum·

188 2742 289 2821 Recte
320 2758 430 2807 eutem
462 2741 620 2809 Reiskins
651 2746 825 2830 μαρτυρίαν
854 2745 909 2810 hi'c
939 2745 1159 2833 supplendum
1192 2770 1277 2831 esse,¹

189 2843 341 2909 monuit.
385 2843 554 2909 Nimirum
587 2846 670 2910 haec
698 2870 825 2932 quoque
856 2861 925 2912 eret
952 2845 1089 2935 Aphobi
1119 2847 1271 2932 malitia,

190 2945 276 3030 quo‘d
305 2945 389 3011 illud
416 2947 642 3012 testimonium
669 2970 736 3013 uon
763 2962 837 3025 ente
865 2963 1064 3035 postremum
1089 2949 1181 3017 diem
1207 2955 1263 3033 τῆς

190 3044 378 3129 ἀνακρίσεως
399 3049 509 3113 attulit
530 3063 561 3113 et
582 3048 619 3112 in
641 3049 739 3130 ἐχῖνσν
761 3049 915 3141 conjecit,
944 3074 1008 3136 quo
1030 3049 1142 3117 miuus
1165 3050 1263 3141 spatii
1301 3128 1305 3133 ¹

191 3147 383 3214 edversario
412 3149 566 3228 daretur,
601 3151 629 3216 si
658 3151 736 3236 quid
765 3152 867 3217 vellet
894 3167 1008 3217 contre
1037 3153 1171 3219 efferre.
1221 3150 1261 3217 ld

191 3249 280 3315 enim
301 3249 371 3335 ipse
395 3251 536 3335 oratoris
556 3254 659 3318 verba
681 3251 925 3319 demonstrant:
967 3254 993 3318 ελ
1011 3245 1146 3339 ptis-odo
1168 3252 1263 3337 ἐξεφί-

191 3374 258 3414 reto
280 3352 331 3414 καί
352 3348 396 3432 μὴ
419 3355 463 3436 τῷ
480 3347 584 3438 χρόνῳ
605 3351 694 3418 ταῦτ’
718 3350 962 3438 ἐνηδρεύθημεν,
984 3352 1201 3438 παρεσχόμεθ’
1223 3352 1262 3419 ds

114 3448 118 3453 ’
191 3448 352 3536 μάρτυρας
373 3448 415 3526 ὥς
429 3452 571 3536 ἐξενίσθη
593 3453 632 3518 τὰ
646 3451 794 3540 χρήματα
815 3457 867 3520 καὶ
882 3452 977 3519 πάντ’
1002 3456 1087 3542 αὐτῷ
1109 3458 1263 3522 διελέλυτο

191 3551 240 3617 ταλ-
254 3552 332 3637 πρὸς
360 3551 418 3635 τὴν
446 3550 545 3618 πόλιν.
587 3554 642 3621 De
671 3557 733 3622 illo
753 3557 850 3624 verbi
872 3555 1084 3639 ἐμβάλλεσθαι
1104 3583 1171 3625 usu
1192 3559 1263 3627 vid.

190 3653 306 3720 Reisk.
327 3654 407 3720 lud..
426 3655 485 3722 Gr.
508 3654 685 3724 Demosth.
705 3696 749 3709 -·-
771 3655 836 3724 Sed
861 3659 900 3723 de
922 3660 1166 3748 permutatione
1187 3684 1266 3728 ver·

191 3756 310 3821 borum
340 3755 470 3842 ὀφρίλειν
499 3772 531 3822 et
562 3756 666 3844 ὀφλεῖν
687 3760 775 3824 cous.
804 3760 854 3849 ir.¹
872 3785 932 3848 pro
955 3761 1120 3851 Euphilet.
1148 3763 1187 3850 ᾗ.
1211 3765 1265 3828 12.

191 3855 343 3922 Pierson.
368 3856 408 3922 ed
430 3858 535 3925 Moer.
559 3884 592 3948 p.
615 3859 690 3927 427.
714 3858 843 3927 Sluiter
864 3861 967 3928 Leett.
981 3863 1111 3929 Andoc.
1135 3889 1172 3951 p.
1191 3865 1267 3930 129.

192 3955 303 4042 Neque
331 3958 442 4025 minus
470 3984 565 4049 saepe
594 3959 746 4048 ὀφείλημα
774 3978 806 4028 et
827 3959 956 4049 ὀφλημα
975 3987 995 4030 a
1012 3963 1167 4030 ‘librariis
1190 3989 1266 4054 per·

193 4072 316 4122 mutatu
337 4073 424 4126 stent.
468 4061 548 4128 Vid.
572 4063 734 4153 Apparet.
757 4063 832 4130 crit.
856 4065 897 4131 ed
919 4064 1098 4133 Demosth.
1120 4064 1155 4134 V
1176 4091 1212 4156 p.
1227 4065 1268 4132 78

99 4178 106 4187 ·
194 4173 227 4222 et
247 4160 322 4224 263.
