2632 4800
111 214 208 315 ἠ
477 180 944 331 rannonrro

171 377 302 503 ierunt,
338 411 482 500 primam
509 377 616 476 fuisse
644 428 776 492 sumas,
813 405 848 473 id
868 408 956 493 quod
982 384 1102 493 parum
1131 405 1251 493 proba-

102 588 104 592 ·
172 530 242 605 bilo
270 550 349 598 esse
377 537 539 616 apparet,
577 525 738 614 seriptum
759 532 871 592 autern
894 525 937 591 ab
960 524 1178 594 adolesoenta
1199 526 1248 593 vi·

173 649 257 738 giuti
287 648 430 736 quinque
445 647 553 712 *annis
582 647 672 713 haud
701 646 846 731 majora,
886 647 974 732 quod
997 651 1032 710 et
1052 644 1162 731 ipsum
1184 667 1252 711 non

175 768 354 836 admodum
375 764 535 834 oredibila
556 763 807 863 videripossit,
837 771 953 829 natum
973 771 1089 830 tamen
1109 761 1246 831 Isaeum

49 937 54 943 -
177 892 400 974 oonsoquotur
424 905 492 950 non
522 893 600 972 post
621 882 676 951 01.
698 880 830 968 ΧΟ,2,
857 883 919 948 sed
940 881 1086 969 aliquot,
1120 890 1158 968 ut
1179 884 1250 972 opi·

120 1061 122 1065 .
176 1026 259 1093 nor,
298 1004 395 1069 annis
423 1011 514 1071 auto.
558 1003 647 1069 llino
674 1001 822 1077 fortasse
843 1010 921 1090 post
941 999 1168 1069 defsotiouem
1189 1001 1255 1070 Eu·

82 1138 87 1159 ·
127 1112 132 1121 ⁸
177 1123 374 1190 leodensium
405 1119 460 1188 ol.
480 1120 591 1206 Xon,
621 1126 644 1190 2
678 1121 838 1206 puerulus
866 1141 942 1186 oum
968 1128 1068 1207 patre
1098 1118 1254 1203 Athenas

169 1241 356 1328 migravit,
388 1239 498 1328 ibique
525 1239 687 1327 reliquum
714 1241 804 1308 vitae
836 1245 969 1324 tempus
990 1239 1134 1325 peregit.
1165 1214 1256 1308 'Flo-

76 1353 86 1371 ”
180 1356 279 1429 rebat
300 1381 341 1428 oo
362 1367 514 1445 tempore
531 1357 673 1427 Athenis
695 1352 907 1446 eloquentiae
928 1357 1074 1423 studium
1095 1378 1137 1423 eo
1157 1340 1257 1426 disoiss

179 1479 293 1567 plina,
340 1499 363 1544 a
389 1454 519 1564 Gorgia
553 1486 589 1546 et
626 1476 712 1543 Polo
755 1477 930 1561 inohoata,
967 1475 1010 1566 ab
1048 1475 1253 1562 Antiphonto

53 1578 59 1626 '¹
182 1597 335 1684 exculta,
369 1618 448 1663 mox
479 1616 502 1661 a
527 1595 635 1678 Lysia
666 1602 702 1660 et
728 1593 882 1661 Isocrate
908 1589 1149 1682 propemodum
1172 1616 1256 1693 ,⁰⁰¹¹-

182 1724 360 1783 summata.
409 1714 539 1780 Horum
566 1720 707 1800 utroque
734 1711 853 1779 Isaeus
881 1713 1045 1800 magistro
1075 1734 1156 1780 usus
1177 1735 1255 1781 esse

22 1878 25 1882 »
61 1892 64 1897 .
183 1834 316 1902 dieitur-z
344 1853 544 1920 quamquam
567 1834 610 1898 de
631 1829 784 1899 lsoorate
806 1831 996 1900 dubitarunt
1015 1833 1163 1904 nonnulli
1183 1854 1258 1919 pro-

181 1959 258 2040 pter
286 1952 423 2020 Pseudo
437 1950 704 2035 ·Plutarohum,
737 1949 792 2038 qui
808 1984 810 1987 v
824 1951 911 2018 huno
941 1954 1065 2017 dooere
1101 1951 1279 2049 eoepissax

42 2083 57 2102 ”
109 2100 116 2113 ‘
183 2069 286 2138 tradit
311 2067 501 2152 Lysistrato
532 2070 666 2134 demum
705 2071 885 2156 archonte,
923 2068 978 2136 01
1010 2067 1091 2154 ΟΠ,
1122 2067 1163 2155 4,
1191 2089 1257 2156 (111⁰

183 2194 337 2277 tempore
361 2175 483 2255 Isaeus
512 2187 707 2275 plusquam
736 2188 1036 2283 quinquagenarius
1062 2187 1136 2256 fuit.
1176 2189 1259 2255 Mihi

10 2404 17 2412 ι
112 2310 114 2314 ’
183 2314 299 2375 tamen
319 2329 385 2373 non
412 2315 506 2374 tanta
527 2307 656 2373 videtur
677 2307 771 2391 hujus
793 2306 965 2395 seripturis
986 2307 1189 2392 auotoritas,
1222 2315 1259 2375 ut

79 2468 85 2482 ι
185 2424 425 2512 Hermippum,
461 2427 555 2508 eujus
583 2403 666 2491 satis
688 2424 849 2492 disertum
878 2432 931 2491 ost
952 2428 1041 2512 apud
1062 2425 1259 2509 Dionysium

173 2544 430 2646 testimonium,
468 2528 597 2610 hao‘in
624 2565 662 2609 re
695 2543 769 2610 falli
794 2532 949 2631 potuisse
976 2546 1124 2621 oredam.
1179 2545 1261 2614 Mox

61 2652 72 2674 ‘
185 2661 242 2730 uhi
264 2662 347 2733 satis
367 2662 580 2748 profeoerat,
609 2661 788 2729 oratorium
801 2671 976 2749 quaestum
995 2663 1114 2730 faeere
1133 2665 1260 2751 eoepit,

188 2803 232 2849 ex
252 2803 346 2870 more
366 2781 455 2848 illius
467 2781 627 2867 temporis
648 2780 851 2861 orationibus
871 2789 975 2868 paota
995 2785 1156 2849 meroede
1171 2804 1266 2848 oom·

185 2900 368 2988 ponendis,
408 2898 526 2987 quibus
552 2898 724 2985 litigantes
750 2899 784 2966 in
807 2899 934 2982 judicio
963 2909 1147 2968 uterentur.
1207 2899 1262 2967 Ex

187 3019 252 3086 hoo
283 3039 411 3104 genere
439 3039 556 3083 omnes
593 3025 670 3085 sunt
697 3039 783 3106 qnae
816 3026 965 3085 aetatem
998 3020 1146 3086 tulerunt
1170 3017 1262 3085 lsaei

188 3114 377 3222 orationes,
409 3144 547 3224 praeter
572 3158 674 3202 unam
695 3132 843 3204 fortasse
866 3139 907 3203 de
928 3138 1111 3206 Nioostrati
1132 3137 1263 3205 herodi·

188 3263 277 3341 tate,
314 3277 414 3343 quam
436 3255 479 3320 ab
511 3253 585 3342 ipso
606 3254 754 3321 habitam
776 3255 946 3322 summarii
967 3264 1086 3324 auotor
1107 3257 1262 3344 prodidit.

188 3374 379 3442 Praeterea·
402 3370 504 3441 etiam
529 3373 644 3441 ludum
672 3374 803 3460 aperuit
825 3382 860 3442 at
884 3377 929 3441 ad
951 3384 1043 3443 artas
1066 3396 1265 3462 componen-

189 3493 253 3560 das
273 3515 312 3561 se
333 3490 512 3560 transtulit.
554 3490 649 3558 Inter
670 3492 850 3580 disoipulos
870 3479 1136 3562 Demosthenem
1157 3492 1264 3560 fuisse

173 3611 274 3688 ‚sutis
296 3618 456 3696 oonstat,¹
485 3614 579 3695 eujus
599 3611 725 3699 primas
746 3613 915 3681 orationes
937 3613 980 3681 ab
1011 3613 1264 3680 adolescentulo

190 3737 309 3798 eontra
327 3737 456 3798 tutores
474 3728 611 3797 habitas
630 3729 765 3798 fuerunt
784 3725 841 3820 “qod
861 3741 998 3819 propter
1018 3732 1265 3799 similitudinem

145 3839 149 3847 ’
191 3848 344 3915 diationis
376 3854 412 3914 et
440 3849 689 3935 oompositionis
719 3858 777 3918 out
797 3850 841 3916 ab
867 3853 940 3938 ipso
961 3851 1061 3917 Isaeo
1084 3858 1142 3918 aut
1170 3856 1266 3916 oerte

190 3967 287 4050 hujus
308 3965 432 4033 auxilio
459 3966 603 4056 soriptas
625 3990 703 4036 esse
731 3971 921 4038 eraderent·
962 3968 1008 4037 Et
1028 3976 1081 4036 est
1102 3990 1186 4037 sano
1208 3967 1267 4034 ali-

191 4105 259 4174 qua
287 4083 405 4150 hurum
433 4106 510 4152 oum
537 4085 639 4153 Isaeo
661 4085 858 4175 similitudo,
896 4108 1005 4175 nequo
1026 4097 1161 4173 tamen,
1189 4106 1266 4153 meo
