2632 4800
412 1295 798 1360 lucumonem
830 1304 887 1359 rx.

125 1473 203 1542 DE
248 1467 652 1543 ASTYPHILI
697 1465 1202 1539 HEREDITATE.

498 1660 501 1673 Ι
522 1696 788 1742 annotinum·

121 1837 336 1944 Astyphilus
356 1847 492 1938 quidam
507 1847 721 1942 Euthycratia
741 1848 831 1915 filius
851 1846 1025 1940 Mytilenis
1046 1846 1217 1915 militans

87 1961 90 1966 '
126 1932 222 2022 obiit.
265 1952 319 2019 De
340 1951 523 2018 hereditate
550 1950 621 2042 ejus
641 1951 685 2018 lis
706 1965 824 2018 exorta
845 1965 894 2016 est
912 1951 1001 2016 inter
1023 1947 1201 2033 Cleonem,

125 2057 263 2124 fratrem
292 2053 494 2143 patruelem,
526 2068 558 2119 et
586 2077 662 2119 eum
688 2050 743 2118 cui
768 2053 856 2118 hano
878 2051 1064 2118 oranonem
1084 2049 1199 2117 lsaeus

125 2155 332 2245 conscripsit,
352 2156 490 2221 fratrem
502 2153 649 2220 defuncti
662 2153 841 2223 uterinum.
871 2153 979 2220 Mater
990 2152 1082 2219 enim
1091 2152 1198 2247 Asty·

108 2256 212 2349 'phili
236 2271 310 2346 post
334 2254 458 2346 prioris
488 2255 600 2321 mariti
626 2271 768 2321 mortem
795 2253 1030 2344 Theophrasto
1065 2253 1196 2320 cuidam

125 2354 299 2450 nupserat,
330 2378 451 2444 exquo
468 2357 681 2424 matrimonio
702 2356 759 2425 hic
779 2370 870 2422 actor
890 2371 1003 2421 noster
1022 2366 1194 2422 natusest.
1217 2392 1220 2401 ·

40 2460 41 2465 ’
125 2457 207 2528 cleo
227 2474 338 2526 autem
349 2458 525 2550 Astyphili
545 2459 632 2525 hona
646 2482 716 2524 non
736 2457 801 2523 sibi
822 2456 936 2547 petiit,
966 2456 1022 2524 sed
1045 2456 1193 2522 filiosuo

122 2561 424 2643 nondumadulto,
452 2584 550 2647 quem
570 2561 611 2626 ah
633 2558 694 2627 illo
712 2559 903 2649 adoptatum
924 2581 994 2625 esse
1015 2555 1193 2644 contendit,

125 2663 270 2750 adeoque
297 2661 467 2727 nemiuem
497 2661 564 2728 nisi
590 2662 679 2726 hunc
709 2661 865 2727 heredem
892 2659 965 2728 iore
984 2659 1022 2724 in
1045 2658 1192 2724 animum

123 2762 320 2846 induxerat,
350 2777 388 2826 ut
407 2762 519 2829 statim
541 2762 659 2828 mortis
674 2763 790 2829 nuntio
805 2763 954 2828 Athenas
969 2762 1097 2850 perlato
1119 2762 1192 2826 fun·

124 2865 204 2947 dum
214 2863 390 2954 Astyphili
406 2887 467 2952 per
487 2863 651 2946 ἓμβατειάν
673 2879 845 2953 occuparet
866 2863 949 2948 (vid.
966 2863 1003 2949 ἦ
1018 2864 1041 2927 3
1063 2887 1093 2928 c.
1110 2860 1191 2946 not.)

122 2965 315 3050 reliquaque
331 2964 460 3044 omnia,
490 2989 572 3052 quae
586 2966 678 3031 illius
688 2967 844 3049 fuissent,
872 2965 941 3057 jam
955 2963 1019 3029 filii
1034 2963 1089 3029 sui
1110 2964 1192 3029 facta

124 3090 195 3133 esse
214 3067 326 3155 palam
346 3066 521 3133 dictitaret.
565 3067 658 3132 Idem
679 3091 760 3135 vero
781 3080 948 3134 mortuum
961 3065 1190 3156 Astyphilum,

124 3190 226 3255 quum
237 3165 427 3256 Mytilenis,
449 3168 507 3232 ubi
520 3169 663 3252 obierat,
691 3169 726 3234 in
740 3167 882 3258 patriam
896 3181 1081 3256 reportatus
1099 3177 1189 3246 esset,

124 3293 228 3355 neque
248 3263 402 3355 sepelivit
420 3291 526 3355 neque
539 3269 648 3334 debita
667 3270 718 3335 dis
734 3269 885 3335 manibus
907 3269 992 3357 justa
1013 3265 1172 3358 persolvit
1178 3288 1189 3346 3

124 3370 181 3436 sed
208 3369 262 3434 his
283 3367 436 3441 omnihus
463 3370 594 3458 pietatis
626 3371 741 3436 officiis
771 3370 1025 3460 Theophrastus
1054 3369 1188 3435 vitricus

72 3468 73 3473 ’
125 3495 201 3537 cum
214 3469 329 3535 amicis
344 3469 439 3535 illius
456 3485 488 3534 et
501 3471 783 3548 commilitonibus
794 3473 985 3563 perfunctus
998 3482 1065 3554 est,
1094 3491 1189 3558 quum

124 3586 216 3638 actor
236 3585 349 3638 noster
369 3585 446 3636 tunc
467 3573 624 3661 temporis
646 3590 782 3663 propter
802 3573 961 3640 militiam
969 3571 1116 3638 Athenis
1136 3571 1190 3636 ah·

126 3675 221 3739 esset.
265 3669 331 3738 Sed
353 3695 508 3739 reversus
529 3673 585 3739 hic
605 3674 644 3739 in
664 3677 784 3741 urbem
805 3675 915 3742 statim
935 3673 1115 3762 Astyphili
1135 3673 1190 3738 he·

101 3772 301 3840 'reditatem
325 3772 408 3861 petit
436 3776 642 3863 cognationis
672 3773 766 3863 jure,
800 3780 1046 3862 παρακαταβολῇ
1078 3789 1189 3842 contra

126 3871 283 3941 Cleonem
313 3897 404 3941 usus.
456 3875 535 3942 Erat
561 3892 689 3957 autem,
711 3879 752 3945 'si
778 3879 964 3944 naturalem
985 3892 1118 3942 tautum
1138 3898 1189 3940 co-

125 3973 314 4061 gnationem
341 3991 481 4064 spectes,
510 3976 644 4045 Cleonis
673 3979 806 4067 ejusque
826 3978 891 4066 filii
911 4003 989 4059 cum
1008 3976 1188 4070 Astyphilo

49 4166 52 4171 .
126 4073 277 4162 coguatio
297 4098 377 4140 sane
406 4077 540 4143 meliori
559 4079 651 4171 jure,
679 4105 778 4167 quam
799 4079 931 4146 actoris.
973 4079 1084 4166 Leges
1105 4077 1188 4144 enim

128 4175 170 4240 ad
186 4175 401 4244 hereditatem
422 4177 511 4270 ejus,
546 4180 697 4267 quisine
716 4181 833 4249 liberis
855 4180 1013 4263 decessit,
1042 4182 1187 4274 primum
