2632 4800
107 225 171 291 ero
467 220 515 289 tn
545 218 827 291 omrtonsn
864 174 868 181 ’
910 250 917 261 -

109 360 180 461 esse
197 390 359 460 ostendat.
402 391 513 478 Atque
525 389 630 481 liliam
643 389 777 477 quidem
787 388 922 459 Gironis
938 403 1081 459 manem
1094 410 1185 459 suam
1209 382 1213 389 ¹

109 495 213 562 fuisse
240 517 308 559 non
339 492 449 560 solum
477 491 661 558 amicorum
683 516 721 558 ao
740 491 963 559 familiarium
984 492 1046 565 avi
1061 491 1116 558 sui
1138 506 1181 558 te·
1234 512 1239 565 t

73 608 76 617 '
110 595 278 666 stimoniis
307 608 476 677 constare,
511 594 646 660 sedvel
676 593 754 659 inde
784 593 865 660 satis
887 617 1065 683 apparere,
1102 593 1180 681 quod
1236 568 1239 607 ⁴

112 722 215 786 quum
236 697 306 787 ipsc
328 719 443 764 servos
466 692 620 778 Cironis,
651 695 707 781 qui
730 720 805 761 earn
825 695 862 761 in
884 695 983 785 hujus
1006 696 1107 763 domo
1128 718 1184 760 ua·

113 815 182 866 tam
204 798 437 884 educatamque
466 812 498 862 et
518 797 572 872 bis
593 798 634 861 ab
657 799 721 863 hoc
742 799 939 864 collocatam
961 811 1116 881 nossent,
1147 795 1185 862 ad

29 896 32 901 ’
115 899 341 989 quaestionem
359 899 544 965 habendam
570 896 777 987 deposceret,
808 897 894 965 banc
919 898 1189 988 provocationem

116 1001 301 1071 adversarii
322 1000 517 1067 recusarint.
539 1038 583 1049 -
613 999 789 1067 Praeterea
819 1023 855 1066 se
876 1024 1004 1089 quoque
1025 1025 1045 1068 a
1068 999 1190 1069 Chone

115 1104 163 1172 ita
190 1127 319 1193 semper
352 1100 504 1167 habitum
538 1116 571 1166 et
596 1115 771 1167 tractatum
803 1124 874 1169 esse
902 1094 1123 1187 deinonstrat,
1156 1118 1195 1168 ut

117 1219 270 1296 nepotem
298 1206 339 1270 ab
369 1227 451 1271 avo:
487 1217 677 1291 patremque
698 1227 813 1288 suum,
844 1227 946 1290 quum
966 1196 1109 1271 matrem
1132 1204 1195 1270 du-

118 1322 227 1392 ceret,
261 1330 299 1372 ea
321 1304 434 1372 omnia
466 1303 601 1389 iecisse,
633 1329 716 1392 quae
738 1305 775 1371 in
796 1304 952 1372 civilibus
972 1305 1098 1395 nuptiis
1120 1302 1197 1372 fieri

119 1408 332 1490 conveniret3
367 1423 399 1473 et
427 1407 573 1472 demotas
602 1431 731 1495 quoque
762 1423 903 1474 matrem
931 1431 1025 1475 suam
1055 1407 1197 1495 elegisse

121 1513 162 1577 ad
189 1508 458 1599 Thesmophoria
486 1509 715 1596 procuranda,
752 1510 841 1576 unde
868 1511 1083 1599 manifestum
1112 1532 1197 1592 esse,

121 1636 194 1677 eam
209 1613 249 1676 ab
266 1610 319 1676 his
337 1633 464 1697 quoque
483 1608 592 1676 civem
606 1634 676 1677 esse
694 1609 885 1701 judicatam.
926 1611 1080 1697 Denique
1094 1611 1198 1677 etiam

120 1713 293 1796 Dioclem,
326 1713 383 1800 qui
403 1715 507 1777 frater
528 1726 598 1777 erat
625 1712 762 1781 alterius
784 1711 916 1780 Gitonis
938 1713 1077 1795 uxoris,
1108 1736 1200 1779 nunc

43 1880 47 1891 ,
120 1815 260 1901 viduae,
288 1815 334 1880 ita
357 1814 514 1880 adversus
535 1837 570 1879 se
592 1813 718 1901 egisse,
739 1830 777 1881 ut
797 1814 1010 1882 manifestum
1031 1829 1136 1900 esset,
1165 1836 1200 1881 se

123 1918 165 1984 ab
187 1918 251 1984 hoc
272 1931 400 2004 quoque
421 1939 482 2005 pro
499 1914 633 1982 Gitonis
654 1931 772 2006 nepote
794 1916 941 2002 agnosci.
985 1916 1073 1983 Nam
1095 1940 1200 2003 qnum

122 2017 267 2090 vertisset
285 2016 326 2087 ad
334 2017 492 2084 (lironem
508 2017 734 2107 sepeliendum
746 2040 885 2104 eumque
896 2018 934 2083 in
947 2018 1084 2085 demum
1104 2040 1201 2087 snam

123 2122 306 2186 transferre
333 2119 509 2203 voluisset,
538 2132 575 2184 ut
605 2119 682 2185 inde
702 2120 803 2188 fcinus
825 2122 1018 2203 efferretur,
1048 2121 1202 2187 taudem·

125 2247 188 2310 que
209 2221 330 2288 viduae
351 2219 503 2309 precibus
525 2221 737 2289 concessisset
763 2234 801 2287 ut
822 2245 866 2287 ex
885 2221 945 2288 illa
967 2220 1029 2287 ubi
1049 2238 1202 2289 mortuus

45 2384 48 2391 ,
126 2339 197 2389 erat
217 2324 316 2389 domo
344 2324 532 2390 efferretur:
565 2345 671 2409 neque
692 2320 847 2389 Dioclem
878 2322 943 2390 sibi
965 2348 1070 2410 neque
1091 2324 1203 2414 ipsum

127 2423 356 2492 adversarium
378 2425 595 2510 obloquatum
616 2447 706 2508 esse,
740 2448 846 2513 neque
867 2424 1027 2514 repulisse
1049 2449 1085 2492 se
1108 2450 1129 2492 a
1148 2426 1203 2493 fu-

35 2558 39 2564 ·
127 2526 217 2593 neris
245 2525 498 2617 procuratione,
540 2526 595 2592 sed
623 2526 806 2614 postulasse
834 2524 934 2592 etiam
962 2525 1138 2607 Dioclem,
1166 2542 1204 2594 ut

127 2629 320 2695 redderetur
347 2627 412 2694 sibi
440 2630 481 2694 ab
504 2643 613 2695 actore
642 2627 797 2716 pecunia,
832 2652 932 2715 quam
951 2627 1021 2718 ipse
1042 2629 1080 2695 in
1102 2630 1203 2697 sunus

128 2745 313 2816 erogasset,
347 2753 545 2816 quamquam
567 2729 724 2819 postridie
747 2731 892 2825 oblatam
917 2731 1095 2820 pecuniam
1117 2731 1212 2797 acci·-

127 2854 206 2921 pere
239 2831 403 2911 noluisse,
441 2832 497 2896 sed
529 2855 661 2897 ornnem
689 2831 754 2898 sibi
783 2833 825 2899 ab
846 2831 1055 2916 adversario,
1090 2833 1203 2899 {ratris

131 2931 264 3000 (liranis
286 2932 374 3016 filio,
414 2932 577 3027 redditam
605 2931 790 3002 simulasse.
833 2933 987 3020 Denique
1009 2935 1112 3001 etiam
1132 2935 1204 3025 ipso

129 3033 257 3100 funeris
288 3033 357 3118 dic,
393 3058 494 3120 quum
525 3034 611 3124 apud
644 3035 699 3102 avi
720 3034 909 3125 sepulcrum
930 3036 1088 3101 Dioclem
1111 3060 1204 3103 accu-

131 3151 253 3219 sasset,
289 3136 375 3220 quod
399 3151 430 3200 et
452 3139 537 3202 bona
567 3135 658 3202 illius
680 3138 852 3205 avertisset
873 3153 905 3203 et
925 3138 1027 3203 istum
1049 3138 1205 3207 adversa·

131 3236 219 3303 rium
242 3251 357 3302 contra
379 3260 414 3302 se
435 3238 663 3322 subornasset,
702 3240 903 3306 obmutuisse
924 3238 1082 3305 Dioclem
1104 3256 1136 3306 et
1157 3254 1204 3305 ta·

133 3338 236 3404 cendo
264 3337 440 3404 veritatem
468 3339 563 3406 illius
584 3341 803 3408 accusationis
831 3341 941 3431 ipsum
962 3339 1204 3429 quodammodo

133 3441 321 3506 consessum
343 3463 425 3507 esse.

218 3536 377 3627 Sequitur
404 3541 508 3606 altera
535 3543 831 3631 argumentationis
858 3568 958 3635 pars:
995 3544 1108 3634 potins
1139 3564 1206 3611 esse

134 3666 231 3708 suum
258 3641 311 3732 jus
340 3666 439 3728 quam
467 3644 661 3713 adversarii.
720 3646 898 3736 Propiores
930 3646 1021 3713 enim
1050 3671 1125 3713 esse
1148 3668 1208 3732 po·

134 3754 237 3810 steros
267 3767 366 3829 quam
387 3758 566 3829 cognatos:
605 3770 643 3810 ac
674 3747 703 3813 si
730 3747 861 3815 viveret
881 3748 989 3814 adhuc
1010 3763 1117 3814 mater
1138 3770 1207 3829 sue,

135 3844 269 3911 Cironis
290 3845 379 3928 filia,
410 3848 507 3934 plane
529 3846 673 3913 dubitari
694 3873 764 3915 non
784 3869 902 3937 posse,
919 3849 1000 3937 quin
1021 3849 1118 3932 huic,
1141 3870 1209 3915 non

71 3988 75 3993 -
135 3944 231 4011 fratri
252 3946 417 4019 hereditas
439 3948 630 4033 deberetur,
653 3973 697 4015 cx
718 3975 782 4037 quo
803 3952 959 4038 consequi
981 3950 1083 4017 etiam
1102 3952 1208 4016 lilium

135 4046 233 4136 hujus
253 4046 414 4135 potiorem
437 4073 628 4137 essequam
656 4051 769 4118 fratris
788 4053 909 4119 fllium.
954 4051 1020 4120 Sed
1044 4053 1146 4119 etiam
1166 4073 1209 4118 ex

134 4148 208 4231 lege
228 4142 393 4224 κακώσεως
413 4173 441 4218 s.
467 4152 507 4217 de
525 4153 614 4221 mala
632 4138 805 4244 parentum
821 4152 1016 4223 tractatione
1036 4154 1103 4223 hoc
1121 4154 1209 4225 idem
