<?xml version="1.0" encoding="UTF-8"?>
<!DOCTYPE html PUBLIC "-//W3C//DTD XHTML 1.0 Transitional//EN"
    "http://www.w3.org/TR/xhtml1/DTD/xhtml1-transitional.dtd">
<html xmlns="http://www.w3.org/1999/xhtml" xml:lang="en" lang="en">
 <head>
  <title>
</title>
<meta http-equiv="Content-Type" content="text/html;charset=utf-8" />
  <meta name='ocr-system' content='tesseract 3.04.00' />
  <meta name='ocr-capabilities' content='ocr_page ocr_carea ocr_par ocr_line ocrx_word'/>
</head>
<body>
  <div class='ocr_page' id='page_1' title='image "./isaeiorationesx00isaegoog_0010.png"; bbox 0 0 2632 4800; ppageno 0'>
   <div class='ocr_carea' id='block_1_1' title="bbox 65 204 1147 506">
    <p class='ocr_par' dir='ltr' id='par_1_1' title="bbox 65 204 1147 506">
     <span class='ocr_line' id='line_1_1' title="bbox 284 204 1147 338; baseline 0.008 -25"><span class='ocrx_word' id='word_1_1' title='bbox 284 329 289 338; x_wconf 44' lang='grc'><strong>,</strong></span> <span class='ocrx_word' id='word_1_2' title='bbox 386 204 574 316; x_wconf 66' lang='lat' dir='ltr'><strong>rann</strong></span> <span class='ocrx_word' id='word_1_3' title='bbox 594 242 623 314; x_wconf 80' lang='lat' dir='ltr'><strong>r</strong></span> <span class='ocrx_word' id='word_1_4' title='bbox 644 244 679 314; x_wconf 79' lang='lat' dir='ltr'><strong>s</strong></span> <span class='ocrx_word' id='word_1_5' title='bbox 700 246 734 317; x_wconf 82' lang='lat' dir='ltr'><strong>r</strong></span> <span class='ocrx_word' id='word_1_6' title='bbox 755 246 829 318; x_wconf 91' lang='lat' dir='ltr'><strong>ro</strong></span> <span class='ocrx_word' id='word_1_7' title='bbox 1126 275 1147 320; x_wconf 67' lang='lat' dir='ltr'>v</span> 
     </span>
     <span class='ocr_line' id='line_1_2' title="bbox 65 362 1146 506; baseline 0.004 -24"><span class='ocrx_word' id='word_1_8' title='bbox 65 362 300 502; x_wconf 84' lang='lat' dir='ltr'><strong>seripserunt,</strong></span> <span class='ocrx_word' id='word_1_9' title='bbox 335 410 517 498; x_wconf 77' lang='lat' dir='ltr'><strong>Dionysius</strong></span> <span class='ocrx_word' id='word_1_10' title='bbox 548 420 584 485; x_wconf 86' lang='lat' dir='ltr'><strong>et</strong></span> <span class='ocrx_word' id='word_1_11' title='bbox 612 416 751 485; x_wconf 85' lang='lat' dir='ltr'><strong>Pseudo</strong></span> <span class='ocrx_word' id='word_1_12' title='bbox 770 380 998 488; x_wconf 81' lang='lat' dir='ltr'><strong>·Plntarolins</strong></span> <span class='ocrx_word' id='word_1_13' title='bbox 1027 438 1146 506; x_wconf 87' lang='lat' dir='ltr'><strong>parum</strong></span> 
     </span>
    </p>
   </div>
   <div class='ocr_carea' id='block_1_2' title="bbox 71 533 1158 744">
    <p class='ocr_par' dir='ltr' id='par_1_2' title="bbox 71 533 1158 744">
     <span class='ocr_line' id='line_1_3' title="bbox 71 533 1148 625; baseline 0.004 -25"><span class='ocrx_word' id='word_1_14' title='bbox 71 533 132 600; x_wconf 72' lang='lat' dir='ltr'><strong>sni</strong></span> <span class='ocrx_word' id='word_1_15' title='bbox 152 537 199 601; x_wconf 91' lang='lat' dir='ltr'><strong>de</strong></span> <span class='ocrx_word' id='word_1_16' title='bbox 222 555 265 600; x_wconf 89' lang='lat' dir='ltr'><strong>eo</strong></span> <span class='ocrx_word' id='word_1_17' title='bbox 287 543 495 623; x_wconf 89' lang='lat' dir='ltr'><strong>eompertnm</strong></span> <span class='ocrx_word' id='word_1_18' title='bbox 516 556 595 603; x_wconf 83' lang='lat' dir='ltr'><strong>esse</strong></span> <span class='ocrx_word' id='word_1_19' title='bbox 614 543 807 624; x_wconf 82' lang='lat' dir='ltr'><strong>queruntur.</strong></span> <span class='ocrx_word' id='word_1_20' title='bbox 851 536 928 605; x_wconf 85' lang='lat' dir='ltr'><strong>lloo</strong></span> <span class='ocrx_word' id='word_1_21' title='bbox 948 537 1057 625; x_wconf 88' lang='lat' dir='ltr'><strong>ipsum</strong></span> <span class='ocrx_word' id='word_1_22' title='bbox 1079 558 1148 604; x_wconf 88' lang='lat' dir='ltr'><strong>arn·</strong></span> 
     </span>
     <span class='ocr_line' id='line_1_4' title="bbox 73 652 1158 744; baseline -0.001 -24"><span class='ocrx_word' id='word_1_23' title='bbox 73 652 270 740; x_wconf 78' lang='lat' dir='ltr'><strong>ligabatur,</strong></span> <span class='ocrx_word' id='word_1_24' title='bbox 302 673 369 742; x_wconf 90' lang='lat' dir='ltr'><strong>qna</strong></span> <span class='ocrx_word' id='word_1_25' title='bbox 394 655 506 742; x_wconf 89' lang='lat' dir='ltr'><strong>patria</strong></span> <span class='ocrx_word' id='word_1_26' title='bbox 531 654 688 721; x_wconf 89' lang='lat' dir='ltr'><strong>oriundus</strong></span> <span class='ocrx_word' id='word_1_27' title='bbox 716 663 828 740; x_wconf 86' lang='lat' dir='ltr'><strong>osset,</strong></span> <span class='ocrx_word' id='word_1_28' title='bbox 864 677 965 744; x_wconf 90' lang='lat' dir='ltr'><strong>quum</strong></span> <span class='ocrx_word' id='word_1_29' title='bbox 992 655 1158 744; x_wconf 69' lang='lat' dir='ltr'><strong>Hermip,</strong></span> 
     </span>
    </p>
   </div>
   <div class='ocr_carea' id='block_1_3' title="bbox 65 770 1292 980">
    <p class='ocr_par' dir='ltr' id='par_1_3' title="bbox 65 770 1292 980">
     <span class='ocr_line' id='line_1_5' title="bbox 65 770 1292 862; baseline -0.002 -23"><span class='ocrx_word' id='word_1_30' title='bbox 65 794 130 860; x_wconf 93' lang='lat' dir='ltr'><strong>pus</strong></span> <span class='ocrx_word' id='word_1_31' title='bbox 160 770 250 838; x_wconf 84' lang='lat' dir='ltr'><strong>libro</strong></span> <span class='ocrx_word' id='word_1_32' title='bbox 282 774 430 839; x_wconf 85' lang='lat' dir='ltr'><strong>seeundo</strong></span> <span class='ocrx_word' id='word_1_33' title='bbox 452 771 676 841; x_wconf 76' lang='lat' dir='ltr'><strong>de‘lsooratis</strong></span> <span class='ocrx_word' id='word_1_34' title='bbox 698 774 869 862; x_wconf 81' lang='lat' dir='ltr'><strong>discipulis</strong></span> <span class='ocrx_word' id='word_1_35' title='bbox 890 775 1145 861; x_wconf 85' lang='lat' dir='ltr'><strong>Atheniensem,</strong></span> <span class='ocrx_word' id='word_1_36' title='bbox 1288 790 1292 801; x_wconf 92' lang='grc'><em>·</em></span> 
     </span>
     <span class='ocr_line' id='line_1_6' title="bbox 65 888 1263 980; baseline -0.003 -22"><span class='ocrx_word' id='word_1_37' title='bbox 65 888 266 958; x_wconf 85' lang='lat' dir='ltr'><strong>Demetrius</strong></span> <span class='ocrx_word' id='word_1_38' title='bbox 293 897 406 957; x_wconf 88' lang='lat' dir='ltr'><strong>autem</strong></span> <span class='ocrx_word' id='word_1_39' title='bbox 432 891 466 957; x_wconf 89' lang='lat' dir='ltr'><strong>in</strong></span> <span class='ocrx_word' id='word_1_40' title='bbox 487 893 727 960; x_wconf 87' lang='lat' dir='ltr'><strong>eommentario</strong></span> <span class='ocrx_word' id='word_1_41' title='bbox 749 895 793 960; x_wconf 88' lang='lat' dir='ltr'><strong>de</strong></span> <span class='ocrx_word' id='word_1_42' title='bbox 814 890 924 979; x_wconf 88' lang='lat' dir='ltr'><strong>poetis</strong></span> <span class='ocrx_word' id='word_1_43' title='bbox 944 892 1146 980; x_wconf 77' lang='lat' dir='ltr'><strong>eognomini·</strong></span> <span class='ocrx_word' id='word_1_44' title='bbox 1260 926 1263 935; x_wconf 94' lang='lat'>·</span> 
     </span>
    </p>
   </div>
   <div class='ocr_carea' id='block_1_4' title="bbox 65 1006 1143 1218">
    <p class='ocr_par' dir='ltr' id='par_1_4' title="bbox 65 1006 1143 1218">
     <span class='ocr_line' id='line_1_7' title="bbox 65 1006 1143 1099; baseline 0.004 -25"><span class='ocrx_word' id='word_1_45' title='bbox 65 1009 130 1075; x_wconf 85' lang='lat' dir='ltr'><strong>bus</strong></span> <span class='ocrx_word' id='word_1_46' title='bbox 158 1006 420 1077; x_wconf 76' lang='lat' dir='ltr'><strong>Chaloidensom</strong></span> <span class='ocrx_word' id='word_1_47' title='bbox 447 1010 587 1077; x_wconf 82' lang='lat' dir='ltr'><strong>diaeret.</strong></span> <span class='ocrx_word' id='word_1_48' title='bbox 635 1009 713 1080; x_wconf 87' lang='lat' dir='ltr'><strong>Vid.</strong></span> <span class='ocrx_word' id='word_1_49' title='bbox 735 1010 936 1099; x_wconf 79' lang='lat' dir='ltr'><strong>Harpo&#39;orat.</strong></span> <span class='ocrx_word' id='word_1_50' title='bbox 962 1012 996 1078; x_wconf 90' lang='lat' dir='ltr'><strong>in</strong></span> <span class='ocrx_word' id='word_1_51' title='bbox 1013 1008 1143 1088; x_wconf 75' lang='grc' dir='ltr'><strong><em>Ἰσαῖος.</em></strong></span> 
     </span>
     <span class='ocr_line' id='line_1_8' title="bbox 65 1127 1142 1218; baseline 0.002 -24"><span class='ocrx_word' id='word_1_52' title='bbox 65 1128 168 1194; x_wconf 81' lang='lat' dir='ltr'><strong>Hane</strong></span> <span class='ocrx_word' id='word_1_53' title='bbox 186 1128 427 1194; x_wconf 74' lang='lat' dir='ltr'><strong>dissensionem</strong></span> <span class='ocrx_word' id='word_1_54' title='bbox 448 1128 498 1194; x_wconf 92' lang='lat' dir='ltr'><strong>ita</strong></span> <span class='ocrx_word' id='word_1_55' title='bbox 518 1127 636 1217; x_wconf 88' lang='lat' dir='ltr'><strong>aliquis</strong></span> <span class='ocrx_word' id='word_1_56' title='bbox 653 1132 806 1217; x_wconf 86' lang='lat' dir='ltr'><strong>oomponi</strong></span> <span class='ocrx_word' id='word_1_57' title='bbox 826 1151 929 1218; x_wconf 87' lang='lat' dir='ltr'><strong>posse</strong></span> <span class='ocrx_word' id='word_1_58' title='bbox 951 1129 1142 1216; x_wconf 78' lang='lat' dir='ltr'><strong>crediderit,</strong></span> 
     </span>
    </p>
   </div>
   <div class='ocr_carea' id='block_1_5' title="bbox 64 1245 1302 1335">
    <p class='ocr_par' dir='ltr' id='par_1_5' title="bbox 64 1245 1302 1335">
     <span class='ocr_line' id='line_1_9' title="bbox 64 1245 1302 1335; baseline -0.001 -18"><span class='ocrx_word' id='word_1_59' title='bbox 64 1255 104 1317; x_wconf 85' lang='lat' dir='ltr'><strong>ut</strong></span> <span class='ocrx_word' id='word_1_60' title='bbox 120 1245 356 1313; x_wconf 79' lang='lat' dir='ltr'><strong>Ohaloidensis</strong></span> <span class='ocrx_word' id='word_1_61' title='bbox 377 1246 540 1335; x_wconf 86' lang='lat' dir='ltr'><strong>appellari</strong></span> <span class='ocrx_word' id='word_1_62' title='bbox 561 1255 727 1314; x_wconf 75' lang='lat' dir='ltr'><strong>statuatur</strong></span> <span class='ocrx_word' id='word_1_63' title='bbox 748 1269 771 1314; x_wconf 92' lang='lat' dir='ltr'><strong>a</strong></span> <span class='ocrx_word' id='word_1_64' title='bbox 791 1247 864 1315; x_wconf 92' lang='lat' dir='ltr'><strong>solo</strong></span> <span class='ocrx_word' id='word_1_65' title='bbox 885 1248 1011 1334; x_wconf 84' lang='lat' dir='ltr'><strong>natali,</strong></span> <span class='ocrx_word' id='word_1_66' title='bbox 1038 1248 1143 1316; x_wconf 81' lang='lat' dir='ltr'><strong>Atte-</strong></span> <span class='ocrx_word' id='word_1_67' title='bbox 1178 1280 1181 1285; x_wconf 76' lang='lat'><em>,</em></span> <span class='ocrx_word' id='word_1_68' title='bbox 1299 1322 1302 1329; x_wconf 60' lang='grc'><strong><em>,</em></strong></span> 
     </span>
    </p>
   </div>
   <div class='ocr_carea' id='block_1_6' title="bbox 20 1363 1166 4057">
    <p class='ocr_par' dir='ltr' id='par_1_6' title="bbox 20 1363 1166 4057">
     <span class='ocr_line' id='line_1_10' title="bbox 63 1363 1141 1454; baseline 0.001 -21"><span class='ocrx_word' id='word_1_69' title='bbox 63 1366 197 1433; x_wconf 89' lang='lat' dir='ltr'><strong>niensis</strong></span> <span class='ocrx_word' id='word_1_70' title='bbox 218 1363 261 1429; x_wconf 89' lang='lat' dir='ltr'><strong>ab</strong></span> <span class='ocrx_word' id='word_1_71' title='bbox 289 1364 374 1433; x_wconf 84' lang='lat' dir='ltr'><strong>urbe</strong></span> <span class='ocrx_word' id='word_1_72' title='bbox 400 1365 435 1431; x_wconf 90' lang='lat' dir='ltr'><strong>in</strong></span> <span class='ocrx_word' id='word_1_73' title='bbox 458 1386 524 1452; x_wconf 90' lang='lat' dir='ltr'><strong>qua</strong></span> <span class='ocrx_word' id='word_1_74' title='bbox 542 1364 599 1431; x_wconf 82' lang='lat' dir='ltr'><strong>vel</strong></span> <span class='ocrx_word' id='word_1_75' title='bbox 619 1365 794 1454; x_wconf 88' lang='lat' dir='ltr'><strong>inquilinus</strong></span> <span class='ocrx_word' id='word_1_76' title='bbox 815 1366 916 1433; x_wconf 90' lang='lat' dir='ltr'><strong>fuerit</strong></span> <span class='ocrx_word' id='word_1_77' title='bbox 935 1366 992 1434; x_wconf 82' lang='lat' dir='ltr'><strong>vel</strong></span> <span class='ocrx_word' id='word_1_78' title='bbox 1011 1367 1045 1432; x_wconf 93' lang='lat' dir='ltr'><strong>in</strong></span> <span class='ocrx_word' id='word_1_79' title='bbox 1067 1367 1141 1434; x_wconf 78' lang='lat' dir='ltr'><strong>oiri·</strong></span> 
     </span>
     <span class='ocr_line' id='line_1_11' title="bbox 64 1481 1143 1571; baseline -0.002 -20"><span class='ocrx_word' id='word_1_80' title='bbox 64 1491 174 1551; x_wconf 82' lang='lat' dir='ltr'><strong>tatem</strong></span> <span class='ocrx_word' id='word_1_81' title='bbox 195 1490 366 1570; x_wconf 85' lang='lat' dir='ltr'><strong>raesptus.</strong></span> <span class='ocrx_word' id='word_1_82' title='bbox 404 1481 521 1570; x_wconf 88' lang='lat' dir='ltr'><strong>&#39;Atqui</strong></span> <span class='ocrx_word' id='word_1_83' title='bbox 542 1482 746 1571; x_wconf 80' lang='lat' dir='ltr'><strong>Hermippus</strong></span> <span class='ocrx_word' id='word_1_84' title='bbox 773 1481 942 1567; x_wconf 72' lang='grc' dir='ltr'><strong>Ἀθηναῖον</strong></span> <span class='ocrx_word' id='word_1_85' title='bbox 963 1482 1006 1549; x_wconf 78' lang='grc' dir='ltr'><strong>τὸ</strong></span> <span class='ocrx_word' id='word_1_86' title='bbox 1027 1483 1143 1568; x_wconf 77' lang='grc' dir='ltr'><em>γένος</em></span> 
     </span>
     <span class='ocr_line' id='line_1_12' title="bbox 67 1592 1143 1690; baseline 0 -20"><span class='ocrx_word' id='word_1_87' title='bbox 67 1602 167 1688; x_wconf 86' lang='lat' dir='ltr'><strong>dixit,</strong></span> <span class='ocrx_word' id='word_1_88' title='bbox 205 1603 292 1690; x_wconf 95' lang='lat' dir='ltr'><strong>quod</strong></span> <span class='ocrx_word' id='word_1_89' title='bbox 319 1622 386 1666; x_wconf 90' lang='lat' dir='ltr'><strong>non</strong></span> <span class='ocrx_word' id='word_1_90' title='bbox 411 1608 526 1689; x_wconf 89' lang='lat' dir='ltr'><strong>potest</strong></span> <span class='ocrx_word' id='word_1_91' title='bbox 553 1603 598 1668; x_wconf 89' lang='lat' dir='ltr'><strong>do</strong></span> <span class='ocrx_word' id='word_1_92' title='bbox 624 1602 837 1689; x_wconf 90' lang='lat' dir='ltr'><strong>adsoriptioio</strong></span> <span class='ocrx_word' id='word_1_93' title='bbox 859 1601 979 1688; x_wconf 88' lang='lat' dir='ltr'><strong>aooipi.</strong></span> <span class='ocrx_word' id='word_1_94' title='bbox 1022 1601 1068 1669; x_wconf 85' lang='lat' dir='ltr'><strong>Et</strong></span> <span class='ocrx_word' id='word_1_95' title='bbox 1085 1592 1143 1688; x_wconf 88' lang='lat' dir='ltr'><strong>po·</strong></span> 
     </span>
     <span class='ocr_line' id='line_1_13' title="bbox 65 1718 1142 1808; baseline -0.004 -20"><span class='ocrx_word' id='word_1_96' title='bbox 65 1722 129 1788; x_wconf 86' lang='lat' dir='ltr'><strong>tuit</strong></span> <span class='ocrx_word' id='word_1_97' title='bbox 149 1742 238 1787; x_wconf 88' lang='lat' dir='ltr'><strong>sano</strong></span> <span class='ocrx_word' id='word_1_98' title='bbox 257 1718 348 1804; x_wconf 90' lang='lat' dir='ltr'><strong>lieri,</strong></span> <span class='ocrx_word' id='word_1_99' title='bbox 375 1725 413 1785; x_wconf 90' lang='lat' dir='ltr'><strong>ut</strong></span> <span class='ocrx_word' id='word_1_100' title='bbox 434 1718 594 1787; x_wconf 80' lang='lat' dir='ltr'><strong>Chaloide</strong></span> <span class='ocrx_word' id='word_1_101' title='bbox 621 1729 751 1806; x_wconf 81' lang='lat' dir='ltr'><strong>natus‚.</strong></span> <span class='ocrx_word' id='word_1_102' title='bbox 769 1741 878 1808; x_wconf 90' lang='lat' dir='ltr'><strong>neque</strong></span> <span class='ocrx_word' id='word_1_103' title='bbox 900 1719 1008 1786; x_wconf 89' lang='lat' dir='ltr'><strong>minus</strong></span> <span class='ocrx_word' id='word_1_104' title='bbox 1028 1726 1142 1786; x_wconf 89' lang='lat' dir='ltr'><strong>tamen</strong></span> 
     </span>
     <span class='ocr_line' id='line_1_14' title="bbox 71 1837 1143 1926; baseline 0 -22"><span class='ocrx_word' id='word_1_105' title='bbox 71 1838 234 1925; x_wconf 77' lang='lat' dir='ltr'><strong>ingenuus</strong></span> <span class='ocrx_word' id='word_1_106' title='bbox 262 1844 367 1905; x_wconf 71' lang='lat' dir='ltr'><strong>‘esset</strong></span> <span class='ocrx_word' id='word_1_107' title='bbox 401 1837 482 1904; x_wconf 86' lang='lat' dir='ltr'><strong>oivis</strong></span> <span class='ocrx_word' id='word_1_108' title='bbox 518 1838 670 1925; x_wconf 79' lang='lat' dir='ltr'><strong>Atticus,</strong></span> <span class='ocrx_word' id='word_1_109' title='bbox 710 1839 872 1926; x_wconf 90' lang='lat' dir='ltr'><strong>siquidem</strong></span> <span class='ocrx_word' id='word_1_110' title='bbox 910 1837 1143 1906; x_wconf 80' lang='lat' dir='ltr'><strong>Chalcidensis</strong></span> 
     </span>
     <span class='ocr_line' id='line_1_15' title="bbox 20 1948 1142 2045; baseline 0.001 -22"><span class='ocrx_word' id='word_1_111' title='bbox 20 1948 23 1953; x_wconf 41' lang='lat'><em>⁴</em></span> <span class='ocrx_word' id='word_1_112' title='bbox 69 1958 142 2044; x_wconf 77' lang='lat' dir='ltr'><strong>agri</strong></span> <span class='ocrx_word' id='word_1_113' title='bbox 176 1957 321 2045; x_wconf 83' lang='lat' dir='ltr'><strong>aliquam</strong></span> <span class='ocrx_word' id='word_1_114' title='bbox 347 1964 479 2043; x_wconf 89' lang='lat' dir='ltr'><strong>partem</strong></span> <span class='ocrx_word' id='word_1_115' title='bbox 508 1980 614 2045; x_wconf 91' lang='lat' dir='ltr'><strong>usque</strong></span> <span class='ocrx_word' id='word_1_116' title='bbox 644 1961 689 2024; x_wconf 86' lang='lat' dir='ltr'><strong>ad</strong></span> <span class='ocrx_word' id='word_1_117' title='bbox 717 1957 962 2044; x_wconf 82' lang='lat' dir='ltr'>01.x011‚2</span> <span class='ocrx_word' id='word_1_118' title='bbox 991 1958 1142 2025; x_wconf 86' lang='lat' dir='ltr'><strong>tenuisse</strong></span> 
     </span>
     <span class='ocr_line' id='line_1_16' title="bbox 67 2075 1142 2164; baseline -0.003 -21"><span class='ocrx_word' id='word_1_119' title='bbox 67 2077 220 2143; x_wconf 85' lang='lat' dir='ltr'><strong>videntur</strong></span> <span class='ocrx_word' id='word_1_120' title='bbox 253 2076 358 2142; x_wconf 84' lang='lat' dir='ltr'><strong>Attiol</strong></span> <span class='ocrx_word' id='word_1_121' title='bbox 396 2076 575 2160; x_wconf 83' lang='lat' dir='ltr'><strong>oleruohi‚&#39;</strong></span> <span class='ocrx_word' id='word_1_122' title='bbox 598 2098 713 2143; x_wconf 85' lang='lat' dir='ltr'><strong>eorum</strong></span> <span class='ocrx_word' id='word_1_123' title='bbox 745 2077 912 2164; x_wconf 51' lang='lat' dir='ltr'><strong>posteri,</strong></span> <span class='ocrx_word' id='word_1_124' title='bbox 931 2076 987 2163; x_wconf 91' lang='lat' dir='ltr'><strong>qui</strong></span> <span class='ocrx_word' id='word_1_125' title='bbox 1023 2075 1142 2163; x_wconf 86' lang='lat' dir='ltr'><strong>paneis</strong></span> 
     </span>
     <span class='ocr_line' id='line_1_17' title="bbox 64 2178 1143 2283; baseline -0.002 -21"><span class='ocrx_word' id='word_1_126' title='bbox 64 2203 146 2262; x_wconf 82' lang='lat' dir='ltr'><strong>onte</strong></span> <span class='ocrx_word' id='word_1_127' title='bbox 177 2178 308 2261; x_wconf 87' lang='lat' dir='ltr'><strong>bellum</strong></span> <span class='ocrx_word' id='word_1_128' title='bbox 323 2193 499 2261; x_wconf 84' lang='lat' dir='ltr'><strong>Persioum</strong></span> <span class='ocrx_word' id='word_1_129' title='bbox 527 2197 669 2283; x_wconf 91' lang='lat' dir='ltr'><strong>primum</strong></span> <span class='ocrx_word' id='word_1_130' title='bbox 698 2196 792 2261; x_wconf 89' lang='lat' dir='ltr'><strong>annis</strong></span> <span class='ocrx_word' id='word_1_131' title='bbox 823 2195 1018 2263; x_wconf 79' lang='lat' dir='ltr'><strong>Chaloidem</strong></span> <span class='ocrx_word' id='word_1_132' title='bbox 1048 2192 1143 2260; x_wconf 89' lang='lat' dir='ltr'><strong>missi</strong></span> 
     </span>
     <span class='ocr_line' id='line_1_18' title="bbox 66 2311 1166 2412; baseline 0.002 -33"><span class='ocrx_word' id='word_1_133' title='bbox 66 2320 177 2412; x_wconf 79' lang='lat' dir='ltr'><strong>erant.</strong></span> <span class='ocrx_word' id='word_1_134' title='bbox 227 2311 412 2381; x_wconf 81' lang='lat' dir='ltr'><strong>Oleruolros</strong></span> <span class='ocrx_word' id='word_1_135' title='bbox 442 2312 529 2379; x_wconf 89' lang='lat' dir='ltr'><strong>enim</strong></span> <span class='ocrx_word' id='word_1_136' title='bbox 558 2314 690 2400; x_wconf 84' lang='lat' dir='ltr'><strong>patriae</strong></span> <span class='ocrx_word' id='word_1_137' title='bbox 718 2312 886 2381; x_wconf 84' lang='lat' dir='ltr'><strong>eivitatem</strong></span> <span class='ocrx_word' id='word_1_138' title='bbox 906 2313 1085 2380; x_wconf 84' lang='lat' dir='ltr'><strong>retinuisse</strong></span> <span class='ocrx_word' id='word_1_139' title='bbox 1108 2319 1166 2381; x_wconf 85' lang='lat' dir='ltr'><strong>et·</strong></span> 
     </span>
     <span class='ocr_line' id='line_1_19' title="bbox 66 2430 1143 2519; baseline -0.001 -21"><span class='ocrx_word' id='word_1_140' title='bbox 66 2434 167 2498; x_wconf 93' lang='lat' dir='ltr'><strong>modo</strong></span> <span class='ocrx_word' id='word_1_141' title='bbox 194 2430 239 2496; x_wconf 86' lang='lat' dir='ltr'><strong>ab</strong></span> <span class='ocrx_word' id='word_1_142' title='bbox 259 2434 324 2500; x_wconf 88' lang='lat' dir='ltr'><strong>hoo</strong></span> <span class='ocrx_word' id='word_1_143' title='bbox 346 2433 444 2498; x_wconf 89' lang='lat' dir='ltr'><strong>modo</strong></span> <span class='ocrx_word' id='word_1_144' title='bbox 467 2431 509 2496; x_wconf 87' lang='lat' dir='ltr'><strong>ab</strong></span> <span class='ocrx_word' id='word_1_145' title='bbox 541 2430 601 2497; x_wconf 89' lang='lat' dir='ltr'><strong>illa</strong></span> <span class='ocrx_word' id='word_1_146' title='bbox 621 2432 653 2497; x_wconf 94' lang='lat' dir='ltr'><strong>in</strong></span> <span class='ocrx_word' id='word_1_147' title='bbox 676 2453 775 2519; x_wconf 91' lang='lat' dir='ltr'><strong>quam</strong></span> <span class='ocrx_word' id='word_1_148' title='bbox 797 2433 891 2498; x_wconf 87' lang='lat' dir='ltr'><strong>missi</strong></span> <span class='ocrx_word' id='word_1_149' title='bbox 913 2439 1010 2499; x_wconf 89' lang='lat' dir='ltr'><strong>erant</strong></span> <span class='ocrx_word' id='word_1_150' title='bbox 1030 2430 1143 2519; x_wconf 90' lang='lat' dir='ltr'><strong>appel-</strong></span> 
     </span>
     <span class='ocr_line' id='line_1_20' title="bbox 65 2549 1141 2636; baseline 0.001 -20"><span class='ocrx_word' id='word_1_151' title='bbox 65 2549 156 2616; x_wconf 87' lang='lat' dir='ltr'><strong>latos</strong></span> <span class='ocrx_word' id='word_1_152' title='bbox 179 2571 258 2616; x_wconf 87' lang='lat' dir='ltr'><strong>esse</strong></span> <span class='ocrx_word' id='word_1_153' title='bbox 280 2551 362 2617; x_wconf 87' lang='lat' dir='ltr'><strong>satis</strong></span> <span class='ocrx_word' id='word_1_154' title='bbox 377 2556 520 2616; x_wconf 88' lang='lat' dir='ltr'><strong>oonstat.</strong></span> <span class='ocrx_word' id='word_1_155' title='bbox 560 2551 700 2619; x_wconf 88' lang='lat' dir='ltr'><strong>Patrem</strong></span> <span class='ocrx_word' id='word_1_156' title='bbox 721 2551 811 2617; x_wconf 89' lang='lat' dir='ltr'><strong>lsaoi</strong></span> <span class='ocrx_word' id='word_1_157' title='bbox 829 2550 1014 2636; x_wconf 78' lang='lat' dir='ltr'><strong>Diagoram</strong></span> <span class='ocrx_word' id='word_1_158' title='bbox 1034 2550 1141 2617; x_wconf 84' lang='lat' dir='ltr'><strong>fuisse</strong></span> 
     </span>
     <span class='ocr_line' id='line_1_21' title="bbox 64 2666 1143 2756; baseline -0.003 -21"><span class='ocrx_word' id='word_1_159' title='bbox 64 2666 227 2735; x_wconf 87' lang='lat' dir='ltr'><strong>traditis</strong></span> <span class='ocrx_word' id='word_1_160' title='bbox 257 2668 310 2756; x_wconf 90' lang='lat' dir='ltr'><strong>qui</strong></span> <span class='ocrx_word' id='word_1_161' title='bbox 336 2668 438 2735; x_wconf 84' lang='lat' dir='ltr'><strong>vitam</strong></span> <span class='ocrx_word' id='word_1_162' title='bbox 467 2668 667 2756; x_wconf 89' lang='lat' dir='ltr'><strong>oonsoripsit</strong></span> <span class='ocrx_word' id='word_1_163' title='bbox 697 2669 732 2734; x_wconf 94' lang='lat' dir='ltr'><strong>in</strong></span> <span class='ocrx_word' id='word_1_164' title='bbox 759 2669 923 2734; x_wconf 89' lang='lat' dir='ltr'><strong>nonnullis</strong></span> <span class='ocrx_word' id='word_1_165' title='bbox 955 2668 1143 2743; x_wconf 87' lang='lat' dir='ltr'><strong>orationum</strong></span> 
     </span>
     <span class='ocr_line' id='line_1_22' title="bbox 67 2785 1144 2875; baseline -0.004 -21"><span class='ocrx_word' id='word_1_166' title='bbox 67 2785 240 2854; x_wconf 86' lang='lat' dir='ltr'><strong>oodieibus</strong></span> <span class='ocrx_word' id='word_1_167' title='bbox 262 2794 431 2863; x_wconf 86' lang='lat' dir='ltr'><strong>extantem</strong></span> <span class='ocrx_word' id='word_1_168' title='bbox 455 2794 490 2854; x_wconf 88' lang='lat' dir='ltr'><strong>ot</strong></span> <span class='ocrx_word' id='word_1_169' title='bbox 511 2787 553 2852; x_wconf 90' lang='lat' dir='ltr'><strong>ab</strong></span> <span class='ocrx_word' id='word_1_170' title='bbox 573 2787 679 2873; x_wconf 82' lang='lat' dir='ltr'><strong>Aldo,</strong></span> <span class='ocrx_word' id='word_1_171' title='bbox 708 2786 867 2853; x_wconf 87' lang='lat' dir='ltr'><strong>Bekkero</strong></span> <span class='ocrx_word' id='word_1_172' title='bbox 888 2785 1049 2875; x_wconf 86' lang='lat' dir='ltr'><strong>nobisque</strong></span> <span class='ocrx_word' id='word_1_173' title='bbox 1070 2806 1144 2851; x_wconf 87' lang='lat' dir='ltr'><strong>ora·</strong></span> 
     </span>
     <span class='ocr_line' id='line_1_23' title="bbox 65 2904 1144 2993; baseline -0.005 -20"><span class='ocrx_word' id='word_1_174' title='bbox 65 2904 211 2973; x_wconf 88' lang='lat' dir='ltr'><strong>tionibus</strong></span> <span class='ocrx_word' id='word_1_175' title='bbox 238 2906 478 2993; x_wconf 80' lang='lat' dir='ltr'><strong>praemissam,</strong></span> <span class='ocrx_word' id='word_1_176' title='bbox 517 2926 539 2969; x_wconf 92' lang='lat' dir='ltr'><strong>a</strong></span> <span class='ocrx_word' id='word_1_177' title='bbox 559 2904 698 2971; x_wconf 87' lang='lat' dir='ltr'><strong>Reiskio</strong></span> <span class='ocrx_word' id='word_1_178' title='bbox 721 2913 834 2971; x_wconf 88' lang='lat' dir='ltr'><strong>autem</strong></span> <span class='ocrx_word' id='word_1_179' title='bbox 859 2904 894 2970; x_wconf 95' lang='lat' dir='ltr'><strong>in</strong></span> <span class='ocrx_word' id='word_1_180' title='bbox 915 2905 1023 2991; x_wconf 90' lang='lat' dir='ltr'><strong>prima</strong></span> <span class='ocrx_word' id='word_1_181' title='bbox 1044 2923 1144 2969; x_wconf 91' lang='lat' dir='ltr'><strong>anno-</strong></span> 
     </span>
     <span class='ocr_line' id='line_1_24' title="bbox 65 3021 1142 3114; baseline -0.003 -25"><span class='ocrx_word' id='word_1_182' title='bbox 65 3024 194 3091; x_wconf 84' lang='lat' dir='ltr'><strong>tatione</strong></span> <span class='ocrx_word' id='word_1_183' title='bbox 217 3023 425 3106; x_wconf 87' lang='lat' dir='ltr'><strong>adDionysii</strong></span> <span class='ocrx_word' id='word_1_184' title='bbox 439 3023 589 3090; x_wconf 89' lang='lat' dir='ltr'><strong>libellum</strong></span> <span class='ocrx_word' id='word_1_185' title='bbox 607 3025 796 3110; x_wconf 70' lang='lat' dir='ltr'><strong>repetitam·</strong></span> <span class='ocrx_word' id='word_1_186' title='bbox 839 3022 972 3114; x_wconf 86' lang='lat' dir='ltr'><strong>Annum</strong></span> <span class='ocrx_word' id='word_1_187' title='bbox 994 3021 1142 3087; x_wconf 88' lang='lat' dir='ltr'><strong>natalem</strong></span> 
     </span>
     <span class='ocr_line' id='line_1_25' title="bbox 65 3138 1154 3227; baseline -0.002 -21"><span class='ocrx_word' id='word_1_188' title='bbox 65 3162 166 3207; x_wconf 87' lang='lat' dir='ltr'><strong>nemo</strong></span> <span class='ocrx_word' id='word_1_189' title='bbox 198 3141 353 3210; x_wconf 80' lang='lat' dir='ltr'><strong>tradidit:</strong></span> <span class='ocrx_word' id='word_1_190' title='bbox 390 3141 544 3208; x_wconf 87' lang='lat' dir='ltr'><strong>floruisse</strong></span> <span class='ocrx_word' id='word_1_191' title='bbox 584 3152 698 3208; x_wconf 88' lang='lat' dir='ltr'><strong>autem</strong></span> <span class='ocrx_word' id='word_1_192' title='bbox 730 3141 865 3207; x_wconf 87' lang='lat' dir='ltr'><strong>Isaeum</strong></span> <span class='ocrx_word' id='word_1_193' title='bbox 902 3147 979 3227; x_wconf 87' lang='lat' dir='ltr'><strong>post</strong></span> <span class='ocrx_word' id='word_1_194' title='bbox 1017 3138 1154 3206; x_wconf 88' lang='lat' dir='ltr'><strong>bellum·</strong></span> 
     </span>
     <span class='ocr_line' id='line_1_26' title="bbox 66 3250 1143 3346; baseline -0.003 -20"><span class='ocrx_word' id='word_1_195' title='bbox 66 3258 446 3346; x_wconf 81' lang='lat' dir='ltr'><strong>Peloponnesiaoum&#39;et</strong></span> <span class='ocrx_word' id='word_1_196' title='bbox 468 3261 512 3326; x_wconf 90' lang='lat' dir='ltr'><strong>ad</strong></span> <span class='ocrx_word' id='word_1_197' title='bbox 528 3250 674 3346; x_wconf 81' lang='lat' dir='ltr'><strong>Philippi</strong></span> <span class='ocrx_word' id='word_1_198' title='bbox 688 3258 885 3326; x_wconf 90' lang='lat' dir='ltr'><strong>Maoedonis</strong></span> <span class='ocrx_word' id='word_1_199' title='bbox 905 3281 1047 3345; x_wconf 80' lang='lat' dir='ltr'><strong>rognum</strong></span> <span class='ocrx_word' id='word_1_200' title='bbox 1068 3279 1143 3344; x_wconf 88' lang='lat' dir='ltr'><strong>per-</strong></span> 
     </span>
     <span class='ocr_line' id='line_1_27' title="bbox 68 3376 1142 3465; baseline -0.004 -21"><span class='ocrx_word' id='word_1_201' title='bbox 68 3380 210 3446; x_wconf 85' lang='lat' dir='ltr'><strong>durasse</strong></span> <span class='ocrx_word' id='word_1_202' title='bbox 240 3379 337 3465; x_wconf 83' lang='lat' dir='ltr'><strong>ipsae</strong></span> <span class='ocrx_word' id='word_1_203' title='bbox 358 3378 528 3445; x_wconf 89' lang='lat' dir='ltr'><strong>orationes</strong></span> <span class='ocrx_word' id='word_1_204' title='bbox 551 3387 748 3465; x_wconf 78' lang='lat' dir='ltr'><strong>argumento</strong></span> <span class='ocrx_word' id='word_1_205' title='bbox 778 3383 864 3443; x_wconf 86' lang='lat' dir='ltr'><strong>sunt.</strong></span> <span class='ocrx_word' id='word_1_206' title='bbox 907 3376 1078 3464; x_wconf 87' lang='lat' dir='ltr'><strong>Siquidem</strong></span> <span class='ocrx_word' id='word_1_207' title='bbox 1099 3397 1142 3443; x_wconf 85' lang='lat' dir='ltr'><strong>ax</strong></span> 
     </span>
     <span class='ocr_line' id='line_1_28' title="bbox 66 3495 1142 3585; baseline -0.005 -23"><span class='ocrx_word' id='word_1_208' title='bbox 66 3495 127 3582; x_wconf 87' lang='lat' dir='ltr'><strong>iis,</strong></span> <span class='ocrx_word' id='word_1_209' title='bbox 168 3519 324 3583; x_wconf 80' lang='lat' dir='ltr'><strong>quarum·</strong></span> <span class='ocrx_word' id='word_1_210' title='bbox 347 3504 480 3583; x_wconf 89' lang='lat' dir='ltr'><strong>tompus</strong></span> <span class='ocrx_word' id='word_1_211' title='bbox 515 3495 627 3585; x_wconf 92' lang='lat' dir='ltr'><strong>aliqua</strong></span> <span class='ocrx_word' id='word_1_212' title='bbox 645 3496 787 3563; x_wconf 68' lang='lat' dir='ltr'><strong>&#39;ratione</strong></span> <span class='ocrx_word' id='word_1_213' title='bbox 825 3497 984 3580; x_wconf 79' lang='lat' dir='ltr'><strong>eognosoi</strong></span> <span class='ocrx_word' id='word_1_214' title='bbox 1018 3500 1142 3582; x_wconf 88' lang='lat' dir='ltr'><strong>potest,</strong></span> 
     </span>
     <span class='ocr_line' id='line_1_29' title="bbox 67 3610 1142 3702; baseline -0.003 -21"><span class='ocrx_word' id='word_1_215' title='bbox 67 3623 240 3700; x_wconf 87' lang='lat' dir='ltr'><strong>postrema</strong></span> <span class='ocrx_word' id='word_1_216' title='bbox 262 3623 315 3682; x_wconf 89' lang='lat' dir='ltr'><strong>est</strong></span> <span class='ocrx_word' id='word_1_217' title='bbox 337 3637 491 3702; x_wconf 84' lang='lat' dir='ltr'><strong>eaquam</strong></span> <span class='ocrx_word' id='word_1_218' title='bbox 514 3617 556 3681; x_wconf 93' lang='lat' dir='ltr'><strong>de</strong></span> <span class='ocrx_word' id='word_1_219' title='bbox 569 3614 765 3702; x_wconf 83' lang='lat' dir='ltr'><strong>Apollodori</strong></span> <span class='ocrx_word' id='word_1_220' title='bbox 786 3613 973 3680; x_wconf 87' lang='lat' dir='ltr'><strong>hereditate</strong></span> <span class='ocrx_word' id='word_1_221' title='bbox 996 3610 1142 3698; x_wconf 80' lang='lat' dir='ltr'><strong>scripsit,</strong></span> 
     </span>
     <span class='ocr_line' id='line_1_30' title="bbox 68 3718 1143 3826; baseline 0 -27"><span class='ocrx_word' id='word_1_222' title='bbox 68 3732 165 3799; x_wconf 85' lang='lat' dir='ltr'><strong>tertio</strong></span> <span class='ocrx_word' id='word_1_223' title='bbox 200 3741 259 3826; x_wconf 83' lang='lat' dir='ltr'><strong>aut</strong></span> <span class='ocrx_word' id='word_1_224' title='bbox 288 3744 424 3820; x_wconf 85' lang='lat' dir='ltr'><strong>quarto,</strong></span> <span class='ocrx_word' id='word_1_225' title='bbox 460 3742 498 3801; x_wconf 89' lang='lat' dir='ltr'><strong>ut</strong></span> <span class='ocrx_word' id='word_1_226' title='bbox 524 3733 620 3800; x_wconf 85' lang='lat' dir='ltr'><strong>nobis</strong></span> <span class='ocrx_word' id='word_1_227' title='bbox 641 3734 774 3822; x_wconf 86' lang='lat' dir='ltr'><strong>quidem</strong></span> <span class='ocrx_word' id='word_1_228' title='bbox 800 3732 948 3815; x_wconf 84' lang='lat' dir='ltr'><strong>videtur,</strong></span> <span class='ocrx_word' id='word_1_229' title='bbox 986 3728 1041 3795; x_wconf 86' lang='lat'><strong>01.</strong></span> <span class='ocrx_word' id='word_1_230' title='bbox 1064 3718 1143 3799; x_wconf 82' lang='lat' dir='ltr'><strong>cvl</strong></span> 
     </span>
     <span class='ocr_line' id='line_1_31' title="bbox 68 3847 1143 3954; baseline -0.001 -40"><span class='ocrx_word' id='word_1_231' title='bbox 68 3870 175 3954; x_wconf 40' lang='lat' dir='ltr'><strong>annal</strong></span> <span class='ocrx_word' id='word_1_232' title='bbox 209 3850 326 3917; x_wconf 87' lang='lat' dir='ltr'><strong>Prima</strong></span> <span class='ocrx_word' id='word_1_233' title='bbox 347 3861 462 3920; x_wconf 89' lang='lat' dir='ltr'><strong>autem</strong></span> <span class='ocrx_word' id='word_1_234' title='bbox 483 3854 525 3918; x_wconf 95' lang='lat' dir='ltr'><strong>do</strong></span> <span class='ocrx_word' id='word_1_235' title='bbox 546 3850 775 3938; x_wconf 84' lang='lat' dir='ltr'><strong>Dioaoogenis</strong></span> <span class='ocrx_word' id='word_1_236' title='bbox 795 3849 1001 3933; x_wconf 81' lang='lat' dir='ltr'><strong>hereditate,</strong></span> <span class='ocrx_word' id='word_1_237' title='bbox 1029 3847 1143 3914; x_wconf 87' lang='lat' dir='ltr'><strong>habita</strong></span> 
     </span>
     <span class='ocr_line' id='line_1_32' title="bbox 71 3966 1143 4057; baseline -0.001 -24"><span class='ocrx_word' id='word_1_238' title='bbox 71 3966 126 4034; x_wconf 83' lang='lat' dir='ltr'><strong>Ol.</strong></span> <span class='ocrx_word' id='word_1_239' title='bbox 152 3968 303 4055; x_wconf 78' lang='lat' dir='ltr'><strong>XCVII,</strong></span> <span class='ocrx_word' id='word_1_240' title='bbox 334 3972 375 4056; x_wconf 84' lang='grc'><strong>3,</strong></span> <span class='ocrx_word' id='word_1_241' title='bbox 408 3970 539 4037; x_wconf 91' lang='lat' dir='ltr'><strong>deoimo</strong></span> <span class='ocrx_word' id='word_1_242' title='bbox 561 3969 672 4057; x_wconf 89' lang='lat' dir='ltr'><strong>quinto</strong></span> <span class='ocrx_word' id='word_1_243' title='bbox 694 3977 772 4056; x_wconf 89' lang='lat' dir='ltr'><strong>post</strong></span> <span class='ocrx_word' id='word_1_244' title='bbox 790 3969 915 4035; x_wconf 89' lang='lat' dir='ltr'><strong>bellurn</strong></span> <span class='ocrx_word' id='word_1_245' title='bbox 937 3967 1143 4053; x_wconf 89' lang='lat' dir='ltr'><strong>Peloponne-</strong></span> 
     </span>
    </p>
   </div>
   <div class='ocr_carea' id='block_1_7' title="bbox 69 4086 1143 4174">
    <p class='ocr_par' dir='ltr' id='par_1_7' title="bbox 69 4086 1143 4174">
     <span class='ocr_line' id='line_1_33' title="bbox 69 4086 1143 4174; baseline -0.002 -22"><span class='ocrx_word' id='word_1_246' title='bbox 69 4086 203 4156; x_wconf 82' lang='lat' dir='ltr'><strong>siacum</strong></span> <span class='ocrx_word' id='word_1_247' title='bbox 224 4108 322 4157; x_wconf 85' lang='lat' dir='ltr'><strong>anno.</strong></span> <span class='ocrx_word' id='word_1_248' title='bbox 365 4087 494 4166; x_wconf 74' lang='lat' dir='ltr'><strong>Quodsi</strong></span> <span class='ocrx_word' id='word_1_249' title='bbox 513 4088 602 4157; x_wconf 86' lang='lat' dir='ltr'><strong>hano</strong></span> <span class='ocrx_word' id='word_1_250' title='bbox 622 4087 780 4174; x_wconf 83' lang='lat' dir='ltr'><strong>omnium,</strong></span> <span class='ocrx_word' id='word_1_251' title='bbox 811 4086 912 4153; x_wconf 89' lang='lat' dir='ltr'><strong>etiam</strong></span> <span class='ocrx_word' id='word_1_252' title='bbox 933 4107 1021 4174; x_wconf 86' lang='lat' dir='ltr'><strong>quae</strong></span> <span class='ocrx_word' id='word_1_253' title='bbox 1042 4086 1143 4153; x_wconf 85' lang='lat' dir='ltr'><strong>inter·</strong></span> 
     </span>
    </p>
   </div>
   <div class='ocr_carea' id='block_1_8' title="bbox 0 0 1325 4800">
    <p class='ocr_par' dir='ltr' id='par_1_8' title="bbox 0 0 1325 4800">
     <span class='ocr_line' id='line_1_34' title="bbox 0 0 1325 4800; baseline 0 0"><span class='ocrx_word' id='word_1_254' title='bbox 0 0 1325 4800; x_wconf 95' lang='lat' dir='ltr'><strong> </strong></span> 
     </span>
    </p>
   </div>
  </div>
 </body>
</html>
