2632 4800
222 354 226 362 ¹
303 269 367 337 on
389 267 575 338 omonts
596 268 918 347 nnnoolrnrn.
1027 210 1033 228 ’
1087 273 1152 343 sss

10 506 20 537 ι
67 440 127 507 33.
144 474 193 499 .-·-
210 434 459 525 Ἠμφισβητηθη
486 441 630 503 τοιοῦτον
651 434 741 502 otidis
761 437 797 503 h.
820 463 850 504 e.
873 435 1002 523 ούδεμύα
1022 434 1151 523 τοιαύτη

67 534 304 627 ᾄμφισβῆτησις
329 537 476 624 ἐποιήθη.
518 537 632 625 Neque
664 539 754 604 enim
782 543 925 605 τοιοῦτον
953 538 1099 613 addicis.
1122 544 1147 609 Ι.

63 665 144 717 rem
166 641 362 728 designare,
390 663 473 728 quae
493 639 531 706 in
551 639 812 740 controversiam
835 655 972 713 vocatur
993 642 1148 728 quilibet,

64 741 207 839 opinor,
235 741 421 830 intelliget.
452 741 538 807 illud
560 720 670 830 potius
691 741 909 828 significatur,
930 743 1053 829 quod
1041 760 1149 810 mter-

62 867 153 911 num
179 843 278 910 verbi
305 843 470 935 objectum
498 866 579 930 ego,
611 841 643 909 si
663 841 779 928 liceat,
808 842 968 917 dixerim.
1012 840 1149 913 Scilicet
1226 935 1228 938 y

62 944 260 1033 saepissime
287 944 403 1036 adject.
432 960 465 1012 et
491 943 689 1033 pronomina
717 943 850 1047 generis
871 944 1021 1012 neutrius
1044 970 1146 1036 appo·

61 1063 193 1113 uruntur
214 1046 326 1114 verbis
348 1069 416 1113 non
438 1061 567 1112 utrem
590 1045 763 1163 designent
784 1059 960 1113 externam
981 1047 1022 1112 ad
1045 1071 1145 1134 quam

61 1148 234 1238 pertingat
260 1148 357 1215 verbi
384 1147 488 1232 actio,
520 1146 577 1213 sed
599 1162 636 1213 ut
656 1147 763 1236 ipsam
783 1147 883 1221 verbi·
902 1147 1068 1215 actionem
1088 1151 1145 1216 vel
1260 1158 1262 1165 '

64 1272 87 1315 a
109 1249 268 1336 qualitate
287 1251 341 1316 vel
365 1247 580 1336 aquantitate
599 1249 656 1315 vel
678 1249 745 1315 alia
758 1249 913 1339 quapiam
934 1249 1065 1316 rationo
1085 1249 1145 1315 de·

62 1351 201 1433 finiaut3
232 1375 266 1418 v.
297 1375 328 1422 c.
360 1350 396 1415 in
427 1352 491 1416 hoc
512 1348 599 1436 apud
620 1348 841 1416 Theocritum
862 1349 999 1436 XXIII,
1021 1349 1066 1419 34
1085 1349 1143 1415 ἅλ-

62 1476 153 1537 popo
173 1453 288 1537 ιιλαίειν
309 1451 535 1519 accusativum
554 1451 657 1536 longe
677 1450 744 1518 alia
764 1451 893 1518 ratione
914 1451 1143 1541 accipiendum

64 1567 202 1643 apparet
232 1571 328 1642 atque
358 1553 397 1620 in
423 1552 537 1618 κλαίειν
557 1549 598 1618 τὰ
620 1549 731 1636 πάθης
761 1567 793 1619 et
813 1576 866 1642 ap.
889 1552 1052 1645 Herodot.
1075 1552 1141 1638 ΙΙΙ,

63 1654 140 1741 121Ι
151 1655 248 1722 πολλοὶ
272 1652 471 1740 ἀπαγορεύειν
484 1678 554 1721 ιιοιι
570 1668 619 1721 est
638 1657 753 1735 multos
772 1667 966 1739 resociare,
996 1655 1054 1722 sed
1074 1669 1141 1721 stu·

63 1756 196 1825 diescet
205 1757 396 1845 freqsaemer
409 1771 527 1841 vetare,
550 1756 644 1844 qnasi
661 1756 752 1824 dicas
773 1755 872 1822 πολλοὶ
895 1753 1140 1842 ἀπαγοριύματα

61 1850 251 1940 τιοιεῖσθαι,,
263 1860 540 1946 quemadmodum
553 1858 742 1950 accipienda
765 1873 842 1926 suot
863 1858 929 1925 alia
950 1859 1139 1944 innumera,

10 2022 12 2035 ,
40 1960 104 2035 ‚in
134 1962 253 2049 quibus
282 1963 385 2048 vulgo
414 1961 577 2055 adjectiva
603 1985 665 2051 pro
688 1959 855 2028 adverbiis
883 1959 990 2049 posita
1013 1960 1138 2028 dicunt.

59 2062 150 2131 Item
177 2069 279 2129 ταῦτα
306 2062 504 2150 ᾐπεροιιεύειν
531 2063 633 2155 Hom.
656 2063 698 2131 ΙΙ.
724 2062 776 2138 ΙΙΙ
781 2109 796 2144 ,
816 2065 882 2131 390
903 2060 1139 2152 explicandum

10 2250 12 2257 Ι
59 2164 232 2231 ταῦτα·τά
263 2162 502 2251 ἢπεροιιεύματα
528 2171 708 2244 ποιεῖσθαι,
740 2178 773 2232 et
800 2163 872 2231 τύδι
898 2163 943 2249 μὴ
962 2161 1138 2248 χαράσσοα,
1262 2200 1265 2205 ·

58 2265 180 2356 Eurip.
213 2266 303 2335 Med.
332 2267 407 2349 154,
438 2267 469 2335 si
498 2282 587 2334 recte
616 2266 805 2356 explicatur
834 2266 876 2333 ab
902 2264 1077 2359 Elmslejo,
1093 2264 1138 2357 μὴ

18 2418 22 2425 -
58 2365 146 2437 οὗτοι
172 2366 358 2455 χαράσσοο,
392 2367 620 2456 accipiendum
652 2369 716 2434 erit
747 2368 842 2457 quasi
873 2367 1000 2434 dictum
1030 2366 1073 2434 sit
1092 2365 1138 2450 μὴ

12 2540 16 2553 ,
56 2465 135 2537 τόδε
155 2467 190 2535 τὸ
209 2466 359 2555 χάραγμα
377 2466 554 2555 χαράσσοα.
593 2469 721 2536 Eodem
742 2470 847 2555 igitur
868 2468 968 2535 modo
995 2464 1138 2535 τοιοῦτόν
1187 2516 1189 2522 -

10 2554 29 2575 ¹*
56 2596 95 2639 τι
113 2568 320 2658 ἀμφισβητεῖν
341 2572 406 2638 erit
426 2566 548 2637 τοιοῦτό
569 2595 600 2634 τι
622 2566 853 2657 ἀμφισβήτημα
874 2570 967 2656 (mel.
989 2564 1138 2653 τοιαύτην

55 2672 132 2739 snt
162 2672 408 2760 ἀμφισβήτησιν)
435 2676 614 2751 ποιεῖσθαι,
641 2687 674 2738 et
699 2673 831 2762 passive
858 2665 1002 2736 τοιοῦτόν
1021 2693 1053 2734 τι
1075 2668 1136 2753 ἀμ-

56 2780 277 2863 φισβητεῖται,
311 2776 439 2857 τοιαύτη
466 2798 515 2849 τις
535 2771 767 2860 ἀμφισβήτησις
786 2774 917 2858 γίγνεται
938 2795 974 2838 v.
996 2779 1135 2837 ιιοιιῖται.

146 2875 184 2961 §.
196 2875 251 2943 21.
275 2873 448 2963 Sequentia
463 2875 760 2965 argumentationis
778 2874 830 2942 vis
845 2897 885 2939 eo
896 2871 1026 2957 nititur,
1049 2871 1135 2958 quod

37 2978 188 3045 =fnneris
208 2978 409 3069 procurandi
436 2977 489 3069 jus
517 2993 549 3045 et
570 2978 715 3069 officium
737 2977 778 3043 ad
802 3001 856 3042 eos
877 2972 1011 3064 proprie
1032 2974 1135 3063 perti·

13 3086 18 3093 '
53 3081 179 3163 nebat,
205 3079 263 3166 qni
285 3079 430 3146 deludcti
449 3080 505 3147 vel
526 3079 721 3167 cognatione
741 3080 798 3146 vel
819 3089 1013 3145 testamento
1035 3076 1136 3141 here-

55 3181 118 3247 des
138 3169 244 3247 futuri
265 3196 377 3262 erant,
406 3182 621 3268 quamobrem
636 3204 706 3247 non
726 3181 830 3247 semel
848 3191 995 3246 oratores
1017 3199 1062 3244 ex
1082 3201 1134 3261 eo,

56 3281 147 3371 quod
169 3282 243 3369 quis
265 3283 409 3370 aliquem
426 3285 482 3351 vel
502 3281 655 3373 sepelivit
666 3283 722 3351 vel
742 3306 810 3348 non
833 3279 1014 3371 sepelevit,
1035 3280 1135 3345 here·

56 3384 198 3451 ditatem
213 3408 342 3471 qnoque
364 3385 405 3450 ad
427 3408 503 3451 eum
518 3385 684 3475 pertinere
703 3385 761 3451 vel
781 3406 849 3450 non
870 3380 1036 3473 pertinere
1056 3404 1134 3470 pro-

44 3486 152 3553 ·loant.
197 3483 296 3553 cont.
320 3486 359 3551 de
379 3486 523 3554 Nicostr.
546 3486 619 3554 her.
642 3485 680 3574 ᾖ.
703 3486 756 3552 19.
781 3485 822 3551 de
842 3484 989 3575 Astyph.
1016 3482 1132 3548 hered.

57 3588 98 3676 f.
115 3586 184 3653 det
197 3591 252 3655 32.
267 3587 442 3656 Demosth.
461 3603 522 3655 otr.
540 3587 679 3656 Macert.
702 3609 737 3674 p.
755 3587 840 3654 1072
859 3585 909 3654 in.
929 3599 990 3653 ctr.
1006 3583 1131 3649 Leoch.

56 3715 92 3780 p.
117 3690 212 3757 1090.
242 3689 367 3776 ‚Atque
389 3715 433 3757 ex
445 3705 558 3757 nostra
576 3690 724 3756 oratione
746 3689 811 3755 hoc
832 3709 961 3775 quoqne
982 3684 1132 3766 discitur,
1226 3681 1229 3689 ’

56 3794 297 3878 nonnunquam
318 3808 404 3859 certe
425 3816 544 3881 corpus
566 3789 711 3858 defuncti
732 3790 837 3857 etiam·
853 3812 898 3855 ex
923 3787 1056 3855 heredis
1075 3811 1132 3854 ae·

57 3892 178 3976 dibus,
213 3916 280 3958 non
303 3894 429 3979 exiis,
460 3895 520 3960 ubi
542 3894 741 3975 decesserat,
769 3889 882 3956 efferri
901 3888 1049 3956 solitum.

145 3993 183 4082 ᾗ.
200 3997 255 4060 22.
279 3995 443 4079 διδεημένη
464 3994 525 4080 γὰρ
547 3995 592 4079 εἴη
608 4034 662 4060 -.
683 3990 793 4083 Hujus
810 4004 993 4058 structurae
1008 3992 1132 4077 aliquot

58 4098 213 4184 exempla
244 4097 368 4162 habent
390 4094 562 4164 Schaeler.
585 4096 712 4164 Melett.
739 4118 774 4183 p·
798 4096 873 4161 102.
896 4093 969 4160 Ast.
991 4093 1032 4159 ad
1053 4092 1132 4160 Pla·

58 4215 132 4267 tou.
153 4198 257 4267 Polit.
279 4196 343 4284 lv,
366 4200 398 4267 1.
