2632 4800
196 260 259 360 ια
329 293 331 297 ’
548 288 597 357 ιιι
618 264 910 358 seimonau

196 461 307 529 antem
333 463 415 526 haec
442 474 509 527 est:
550 458 591 526 de
620 456 827 546 cognationis
855 456 1100 548 propinquitate
1120 481 1182 527 vos
1202 458 1271 549 ipsi

196 561 378 629 certissime
407 560 555 651 judicare
582 559 717 651 potestis
747 584 854 646 neque
882 561 945 625 hac
974 561 1013 627 de
1035 584 1091 644 re,
1131 560 1270 647 quinam

193 660 402 750 'cognationis
430 662 553 746 gradus
583 661 755 751 propiores
783 662 850 727 sint
871 661 1044 745 defuneto,
1078 661 1133 748 qui
1154 683 1269 728 remo·
1298 708 1304 716 „

196 768 318 851 tiores,
351 766 475 831 *fallere
504 764 676 850 quisquam
707 787 767 830 vos
796 774 911 852 potest.
965 763 1004 829 ln
1027 763 1166 828 eandem
1195 763 1268 829 sere

195 867 391 934 sententiam
412 866 559 954 disputat
580 856 727 937 orau'de
747 864 890 935 Nicostr.
913 864 987 937 her.
1008 865 1046 953 6.
1069 863 1112 931 15
1131 889 1205 952 sqq.

281 969 318 1056 6.
333 967 388 1035 43.
411 966 490 1031 πολὺ
510 963 672 1031 κάλλιόν
656 991 721 1031 εστι
741 968 951 1054 ψηφίσασθαι
970 990 1051 1033 κατα
1038 964 1108 1032 τὸ
1130 965 1267 1053 γένος-

132 1117 136 1123 <
193 1068 353 1156 proiice*
332 1098 352 1153 η
374 1068 456 1134 sord
482 1067 541 1143 τὰς
561 1066 730 1152 διαθήκας.
773 1072 908 1135 Μᾶλλον
929 1071 1154 1159 comparativo
1176 1071 1296 1160 apud,

193 1175 334 1263 optimos
365 1194 510 1259 quosque
539 1157 716 1261 scriptores
741 1172 1026 1258 frequentissime,
1065 1195 1191 1258 neque,
1227 1187 1267 1239 ut

193 1274 358 1357 arbitror,
396 1289 536 1354 temere,
576 1273 632 1338 sed
670 1268 797 1338 duabus
834 1274 1019 1340 rationibus
1056 1273 1263 1360 adjungitur.

97 1439 101 1447 ,
191 1377 277 1444 Nam
309 1391 365 1442 aut
395 1373 645 1464 simpliciter
610 1398 682 1440 vrm
704 1374 920 1463 comparativi
942 1391 1055 1462 anget,
1079 1390 1135 1440 aut
1156 1375 1265 1464 majo-

112 1526 115 1531 ,
191 1501 264 1544 rem
292 1475 434 1542 orationi
466 1500 566 1562 quum
597 1472 863 1565 perspicuitatem
885 1490 956 1543 tum
976 1476 1128 1565 vigorem
1149 1474 1265 1542 conci·

190 1581 269 1649 liatz
304 1579 388 1643 sicut
409 1593 530 1644 nostro
557 1579 631 1644 loeo
654 1602 754 1664 quum
784 1578 1028 1668 comparativus
1058 1576 1183 1665 adlisos
1205 1603 1265 1646 eo·

189 1705 265 1747 rum
290 1681 539 1764 membrorum,
572 1703 654 1768 quae
681 1673 768 1750 inter
799 1703 834 1767 se
861 1694 1116 1770 comparantur,
1154 1679 1264 1769 priori

189 1781 388 1872 praemissus
410 1781 464 1866 sit,
491 1781 651 1870 repetitur
672 1780 742 1870 ejus
766 1781 855 1846 notio
878 1777 979 1847 etiam
1001 1796 1075 1846 ante
1097 1782 1263 1870 posterius

167 1884 378 1950 ¹*membrum
399 1908 459 1972 per
479 1882 676 1957 adverbium
697 1887 835 1965 petron,
864 1900 983 1972 quoet
1003 1882 1110 1972 magis
1131 1883 1264 1972 perspi·

188 2007 285 2050 cuam
320 1984 393 2050 fieri
425 1999 456 2050 et
484 1984 687 2052 viridiorem
723 1984 906 2052 orationem
945 1984 1053 2071 quivis
1085 1983 1293 2074 intelligis

189 2084 347 2153 Geminos
368 2088 458 2152 locos
479 2087 583 2152 habes
606 2086 797 2153 deMeneol.
820 2087 893 2153 her.
917 2086 954 2173 6.
972 2086 1090 2152 tude
1110 2086 1263 2209 Astyph.

189 2187 262 2254 her.
292 2186 411 2273 §.16,
441 2202 478 2253 ut
506 2190 630 2254 multos
658 2190 802 2255 aliorum
830 2188 1028 2277 scriptorum
1050 2187 1264 2276 praetermit-

109 2315 117 2328 ³
186 2302 266 2355 tam.
319 2288 470 2355 Alterius
498 2289 629 2375 generis
661 2292 852 2380 exemplum
880 2305 927 2356 est
949 2289 989 2354 de
1009 2286 1152 2367 Nicostr.
1183 2290 1260 2357 her.

186 2386 310 2477 614.
343 2389 499 2472 piiiov‘
484 2389 693 2476 ιτοιμότεραν,
722 2393 890 2478 multaque
912 2390 1034 2479 passim
1063 2390 1148 2480 apud
1172 2392 1261 2459 alios

185 2517 206 2560 a
231 2491 345 2558 multis
376 2493 526 2559 collecta.
570 2491 770 2582 Vituperant
789 2492 869 2559 talia
892 2490 1129 2576 Grammatici,
1158 2492 1263 2561 Tho-

184 2616 256 2661 mas
272 2592 364 2680 Mag.
389 2618 424 2685 p.
446 2593 521 2660 596.
543 2593 667 2661 Moeris
692 2621 727 2684 p.
749 2593 832 2678 4603
868 2594 959 2662 sed
947 2593 1126 2662 rmmerito.
1180 2612 1184 2617 '

269 2694 307 2781 6.
328 2694 382 2762 44.
423 2696 562 2781 ποτέρων
588 2696 700 2772 ἐκεῖνος
720 2696 849 2781 ἐγίγνετο
884 2691 1084 2780 κληρονόμος.
1141 2694 1260 2784 Neque

183 2796 324 2863 semotus
347 2821 364 2863 e
386 2797 459 2866 eod.
478 2799 638 2864 Ambros.
661 2798 889 2887 reponendus,
918 2822 1022 2885 neque
1043 2796 1083 2861 ἂν
1104 2797 1260 2865 inseren-

186 2899 265 2964 dum
287 2913 346 2964 est.
397 2897 519 2964 Nam’
497 2901 558 2985 ιγ
555 2924 641 2982 ysaac
671 2898 758 2964 idem
783 2902 872 2968 valet
899 2917 994 2985 atque
1016 2898 1075 2964 ἔδει
1095 2899 1258 2984 γενέσθαι.

104 3014 116 3044 ‘¹
184 2997 281 3066 Gens.
315 2999 351 3086 6.
374 2997 429 3066 45.
452 3000 491 3065 de
512 2999 674 3090 Dicaeog.
705 3003 779 3069 her.
803 3002 840 3089 6.
862 3000 907 3068 44
933 3018 1021 3066 extr.
1044 3001 1084 3066 de
1103 3000 1257 3133 Astyplr.

183 3101 255 3167 lter.
279 3100 317 3187 6.
338 3098 392 3167 24.

69 3274 74 3283 ,
268 3202 303 3289 6.
325 3200 377 3268 46.
399 3200 488 3266 καὶι
470 3212 557 3286 ημεῖς
578 3201 690 3269 οὐδένα
711 3202 806 3270 ἄλλον
827 3200 1011 3287 ἠξιώσαμεν
1054 3201 1165 3291 Hujus
1186 3203 1257 3270 loci

90 3309 93 3313 ’
183 3303 284 3370 aliam
314 3303 476 3369 rationem
506 3329 576 3370 esse
603 3313 738 3394 apparet
768 3329 866 3396 quam
898 3306 968 3390 ejus
997 3305 1036 3369 de
1059 3328 1131 3390 quo
1152 3306 1256 3371 modo

180 3405 275 3488 dixi,
312 3418 350 3470 ut
390 3404 498 3471 minus
533 3405 755 3472 commode
735 3433 773 3470 αν
811 3408 923 3472 abesse
964 3429 1057 3494 posse
1082 3405 1255 3474 videatur.

179 3505 292 3593 Neque
324 3521 434 3572 tamen
462 3507 648 3573 addendum
671 3532 741 3574 esse
763 3493 1009 3589 contenderim,
1043 3531 1144 3593 quum
1167 3531 1255 3573 non

155 3599 357 3696 ιιιιιιιιιιαιιι
379 3607 498 3675 Graeci
528 3608 585 3692 id,
623 3611 710 3696 quod
738 3593 887 3675 futurum
913 3609 974 3675 sub
1003 3607 1125 3694 aliqua
1133 3609 1255 3675 eondi-

179 3733 275 3789 orons
318 3709 384 3794 uit,
416 3733 492 3777 eum
521 3709 647 3797 majore
678 3710 919 3787 asseveratione
950 3725 1104 3796 tanquam
1124 3710 1254 3777 sactum

126 3895 131 3902 .
181 3811 371 3899 proferant,
406 3811 651 3898 significantes,
685 3811 885 3899 ut'R'eisigii
911 3810 1023 3879 verbis
1053 3827 1129 3875 utar
1150 3811 1192 3878 de
1215 3810 1254 3895 ἂν

176 3926 262 4001 part.
284 3937 316 4001 p.
338 3913 413 3995 1³9,
445 3901 599 3983 eventum
620 3912 753 3980 veritati
773 3914 967 4004 proximum
989 3911 1109 4003 etjam
1132 3914 1257 3980 certis·

178 4012 300 4081 simum
311 4060 322 4096 ,
357 4012 422 4078 nisi
445 4037 489 4080 ex
511 4006 703 4082 condicione
725 4029 810 4082 esset
831 4025 935 4106 aptus.
981 4013 1078 4082 (iuni.
1099 4013 1183 4082 infr.
1208 4016 1254 4080 ad

139 4133 141 4135 ’
177 4128 258 4181 orat'.
291 4116 332 4179 de
358 4113 499 4180 Nicostr.
516 4117 603 4184 'hen
638 4114 891 4207 6.11.-”-<Αῑ
920 4117 957 4182 in
979 4115 1191 4204 sequentibus
1213 4114 1257 4183 οὗ
