2632 4800
222 234 226 239 ’
269 287 356 357 -ns
376 285 555 360 ιιιιιιιι
574 286 896 361 sumamus„
1062 286 1128 359 ιιι

51 459 85 529 si
104 456 264 527 universa
294 455 444 546 phratrias
464 457 552 525 hanc
573 458 816 526 accusationem
837 482 897 527 suo
919 459 1054 528 nomine
1073 460 1129 528 in·
1251 529 1254 533 .

52 560 258 641 stituendam
276 560 483 642 mandasset,
514 561 599 643 hoc,
627 575 739 650 utpote
760 560 1015 647 gravissimum,
1037 586 1130 631 com·

53 684 244 733 memorare
271 674 385 728 orator
412 683 492 728 sane
521 685 588 741 non
616 661 902 750 praetermisisset.
946 664 1058 730 Aliter
1079 680 1130 731 ts-.
1221 746 1224 752 Ι
1256 698 1263 711 x

53 788 136 832 men
146 777 288 830 statuere
303 761 435 828 videtur
444 761 620 829 Platnerus
633 758 786 853 Symbol.
806 762 887 829 adl.
901 764 946 831 Α.
961 790 995 854 p.
1006 764 1130 836 1²³.-·

53 862 120 931 dud
141 861 211 941 ἓιὸς
240 868 304 929 τῶν
325 887 380 948 φρ.
402 887 463 952 pro
484 860 545 929 iud
567 887 660 938 τινος.
702 862 923 951 Frequentior
941 881 1054 933 tamen
1074 867 1132 934 hio

55 990 138 1035 usus
167 965 252 1055 apud
281 964 482 1032 recentiores
510 989 620 1051 qnam
657 965 742 1054 apud
777 981 905 1033 veteres
940 968 1131 1056 scriptorest

55 1067 224 1156 Exempla
251 1080 487 1153 congesserunt
513 1066 629 1133 Zeune
656 1067 698 1133 ad
719 1067 880 1156 Xenoph.·
906 1067 1045 1135 Mamm.
1067 1068 1132 1138 ΙΙΙ.

56 1171 94 1256 9,
117 1169 170 1235 19.
192 1165 346 1253 Bergler.
369 1167 410 1232 ad
431 1167 633 1256 Alciphron.
654 1164 684 1250 l,
705 1170 740 1234 3.
765 1165 936 1236 Schaeier.
959 1168 1001 1235 ad
1021 1168 1132 1257 Long.

56 1295 93 1361 p.
115 1269 192 1336 399.
219 1304 264 1320 -
300 1267 547 1355 Loquurioaem
571 1265 658 1354 stapsi
677 1268 830 1354 τέτταρας
854 1267 985 1356 ψήφους
1008 1271 1134 1354 partim

59 1375 119 1456 τῆς
146 1366 264 1446 πόλεως
293 1369 450 1437 tractavit
470 1367 716 1435 Valckenarius
744 1371 785 1435 ad
806 1371 977 1439 Heroden
989 1370 1057 1457 lx,
1078 1375 1135 1461 33,

60 1471 225 1558 multique
252 1470 312 1537 alii
333 1493 416 1558 quos
445 1470 582 1536 laudare
607 1470 697 1536 nihil
717 1471 852 1557 attinet,
882 1496 920 1539 ac
940 1473 1136 1562 nuperrime

60 1571 433 1664 Bernhardy-Syntax.
464 1596 497 1661 p.
518 1570 594 1654 258,
625 1571 673 1636 ita
694 1587 805 1639 tamon
826 1589 863 1640 ut
882 1575 954 1642 vim
975 1574 1053 1665 ejus·
1067 1596 1136 1653 non

61 1690 256 1762 assequutus
269 1675 434 1742 videatur.
479 1670 577 1739 conf.
594 1669 728 1740 scheer.
742 1674 869 1764 Appen.
886 1676 962 1744 crit.
975 1674 1011 1743 ll
1021 1678 1137 1766 pse-31⁰

62 1790 97 1847 et
116 1776 310 1843 Buttmann.
333 1777 373 1841 ad
395 1774 570 1841 Demosth.
593 1770 677 1840 lllidss
700 1776 734 1864 p.'
756 1776 831 1848 181.
949 1804 952 1809 ·
985 1828 990 1835 .
1024 1828 1028 1835 .
1067 1810 1082 1827 ·-

151 1876 186 1959 §.
200 1880 255 1946 39.
278 1879 363 1943 δοκεῖ
375 1875 413 1942 dv
427 1873 501 1959 ὑμῖν
518 1872 617 1950 οὕτως
628 1873 783 1961 ὀλιγώρως
797 1876 883 1961 ἔχειν.
926 1878 1075 1956 Eandem
1097 1878 1136 1945 ds

64 1978 246 2070 particulae
272 1979 523 2047 collocationem
543 1977 613 2045 vid.
643 1983 678 2058 §.
699 1977 761 2046 49.
784 1979 831 2047 51
863 1980 926 2064 bis,
955 1983 996 2047 de
1018 1979 1135 2051 (iinon.
1248 1992 1253 2001 '

65 2080 140 2150 lter.
170 2081 209 2169 9.
231 2083 286 2150 20.
315 2082 355 2149 de
376 2080 522 2172 Astypls.
545 2080 617 2148 her.
615 2078 680 2219 9.
700 2081 760 2166 313
791 2106 861 2171 quo
881 2083 1052 2229 pertineat
1064 2107 1137 2151 mo·

35 2248 38 2253 .
66 2206 145 2251 uere
165 2192 448 2273 supervacaneum
469 2197 569 2249 est..

152 2284 183 2352 oi
212 2287 261 2351 inl
289 2286 456 2372 παλλακίᾳ-
476 2280 614 2363 διδόντες
641 2282 700 2360 τὰς
728 2281 863 2352 ἑαυτῶν·
873 2252 1146 2356 certissimam·-

68 2383 155 2455 lsuno
184 2401 217 2453 et
247 2386 443 2455 facillimam
464 2385 616 2452 lerlseri
630 2388 903 2456 emendationem
924 2402 992 2456 uon
1014 2390 1139 2456 dudum

69 2488 106 2556 ab
141 2487 260 2555 aliis
248 2504 420 2556 inventam
450 2512 521 2555 esse
550 2487 633 2577 jure
649 2488 802 2569 miseris,
835 2514 936 2577 quum
963 2491 999 2561 iu
1027 2505 1139 2557 vetere

64 2585 210 2659 lectione
243 2590 349 2657 oratio
381 2590 506 2678 pariter
533 2612 572 2653 ac
606 2612 658 2655 res
683 2589 762 2679 vipss
792 2606 953 2658 attentum
982 2593 1142 2669 lectorem

62 2692 238 2760 offendere
267 2691 416 2758 debeant.
481 2687 696 2775 singularem
725 2691 863 2778 quidem
887 2688 1079 2761 nnmerum-¹
1092 2692 1142 2756 e'et

54 2794 258 2873 παλλακίδι,
294 2817 356 2882 pro
385 2815 449 2883 quo
485 2790 661 2858 Reiskins
678 2791 727 2854 ἐπὶ
761 2795 934 2859 παλλακί-σι
959 2793 1142 2883 repositum

50 2896 232 2979 malebat,
253 2895 351 2960 facile
373 2892 693 2982 defendasElmsleji
714 2895 944 2986 observatione
965 2888 1007 2962 ιδ
1023 2895 1140 2986 Eut-ip.

46 2984 159 3067 Med.
190 3020 225 3064 v.
258 2996 322 3063 994
351 3010 383 3062 et
410 2998 514 3078 10773
547 2993 643 3061 sed‘
630 2996 679 3059 ani
705 2998 891 3060 παλλακίδι·
893 3020 932 3062 τι
953 2999 1074 3064 δοῦναι
1080 3022 1142 3087 pro

43 3092 230 3167 ἐπιδοῦναι
251 3097 417 3162 παλλακίδι
437 3120 572 3186 prorsus
593 3111 642 3163 est
663 3112 777 3163 contra
798 3120 893 3164 usum
908 3099 1089 3188 loquendi,
1110 3115 1144 3166 et

39 3197 248 3294 pellicibus
278 3199 403 3287 aliquid
434 3198 519 3264 dotis
546 3199 653 3264 instar
680 3198 752 3266 dari
773 3200 914 3267 solitum·
938 3203 1027 3268 credi
1049 3203 1144 3267 nullo

43 3301 173 3373 modo
194 3315 316 3390 potast;
344 3315 380 3366 ut
408 3315 534 3366 taceam
554 3303 666 3389 paullo
688 3317 761 3389 post
781 3326 850 3369 non
870 3305 940 3391 περί
959 3310 1021 3369 τῶν
1042 3304 1145 3387 dodo·

46 3403 212 3489 υομίνων
238 3403 294 3471 sed
315 3402 425 3491 potius
451 3404 600 3488 περὶτῶν
628 3401 913 3489 ἀποδυθησομένων
934 3405 1145 3472 scribendum

46 3507 188 3577 fuisse.
955 3530 959 3539 ·

157 3600 256 3689 μόνον
283 3605 319 3672 ιδ
347 3605 428 3672 κατὰ
450 3604 523 3682 τούς
543 3604 658 3691 νόμους
678 3612 744 3675 κτλ.
787 3609 861 3674 Hoc
880 3630 975 3673 onam
994 3608 1077 3690 egit,
1109 3620 1146 3673 ast

59 3732 210 3779 sororem
236 3733 324 3773 ιιιααι
349 3710 410 3774 ss'te
438 3734 479 3775 uc
505 3711 641 3793 legitime
666 3711 886 3796 desponderet,
919 3710 1146 3775 dotis‘restitrs·

66 3813 192 3878 tionem
213 3822 270 3874 uret
290 3810 438 3876 alimenta
454 3813 554 3877 sorori
568 3800 752 3898 piaebcndo
771 3813 853 3877 nihil
872 3812 1002 3878 curavit.
1047 3810 1146 3897 Quod

72 3912 246 4000 aequitum
277 3908 312 3985 de
332 3910 383 3975 ἔπ’
406 3910 497 4000 ὀλίγῳ
519 3912 720 3999 ἀργυρίῳὲ
741 3908 865 3998 σφόδρα
885 3910 1030 3993 βούλεται
1050 3938 1146 3997 norn-

77 4012 133 4101 ρὸς
154 4009 251 4091 εἶναι,
287 4011 451 4098 significat
471 4014 689 4081 Nicodemum
715 4013 940 4081 testimonium
961 4038 1148 4085 sunmxnou

77 4114 182 4204 gratis
203 4112 348 4199 dixisse,
374 4116 432 4184 sed
452 4116 638 4184 mercedem
658 4114 691 4181 ei
711 4138 732 4183 a
751 4115 921 4201 Xenocle,
951 4115 983 4184 si
1001 4115 1155 4202 vicisset„

77 4215 276 4307 mantissam
296 4239 379 4285 esse.
