2632 4800
328 265 391 334 ns
413 265 591 335 orsam
612 264 933 349 annuamus.
1032 322 1034 333 .
1097 256 1175 342 'aee
1253 279 1255 282 ⁴

85 457 190 522 qnam
210 449 324 525 postea
354 436 391 523 ᾗ.
416 434 458 502 15
480 450 513 502 et
533 437 582 502 30
608 435 655 503 ita
676 436 825 522 loquitur
846 454 979 522 orator,
1006 454 1043 505 nt
1064 441 1206 537 suspi-²¹

85 535 219 603 cionem
240 535 391 625 injiciat,
419 538 506 603 hanc
533 534 642 625 ipsam
663 537 932 626 supposititiam,
964 563 1033 606 non
1054 563 1172 608 veram

85 636 218 727 Pyrrhi
238 637 344 703 filiam
361 637 475 704 inisse.
520 637 589 724 Qui
609 638 696 705 iiiios
711 640 850 706 haberet
869 641 1058 727 legitimos,
1070 670 1074 678 ·
1087 638 1169 708 ado·

83 737 357 829 ptars‘alienum
386 763 454 806 non
479 738 604 828 potuit;
636 739 694 826 qui
720 740 825 823 filias,
861 742 969 829 potuit
998 744 1167 833 adoptare,

85 840 146 906 sed
168 838 232 924 ita,
270 854 308 906 ut
328 840 483 930 adoptivo
508 841 581 907 filio
608 865 710 907 unam
731 864 749 905 e
771 842 904 907 filiabus
934 842 972 907 in
993 844 1168 910 matrimo-

83 939 185 1009 nium
215 941 318 1011 daret.
362 941 443 1008 Vid.
474 942 556 1008 inir.
585 941 621 1031 6.
644 942 699 1008 42.
721 980 765 994 --
793 943 913 1010 Paullo
943 957 1018 1031 post
1043 943 1168 1026 ἔχοντος
1287 1014 1289 1017 ,

84 1042 202 1107 ἐκείνου
232 1042 334 1126 dicit,
372 1067 440 1110 non
470 1039 598 1123 τούτου,
634 1069 735 1130 quum
765 1045 805 1111 de
832 1059 965 1113 mortuo
994 1046 1166 1131 loquatur-3
1193 1065 1211 1077 ··
1243 1040 1247 1046 ’

84 1143 189 1220 οὐδεὶς
208 1142 444 1230 ἠμφισβήτησεν
465 1145 569 1233 ἐκείνῳ
590 1170 651 1234 pro
673 1144 775 1231 αὐτῷ,
799 1145 1076 1233 quemadmodum
1097 1171 1165 1213 non

83 1270 165 1313 raro
197 1245 456 1313 demonstrativa
486 1247 684 1335 pronomina
707 1236 818 1324 οὗτος,
847 1247 976 1326 ἐκεῖνος,
1003 1269 1064 1335 pro
1086 1244 1165 1310 οἷνα-

85 1351 208 1434 φοριιιῷ
228 1346 309 1436 poni
330 1349 450 1414 solent.
496 1345 550 1414 Of.
573 1348 705 1416 Schaef.
727 1348 855 1436 Appar.
878 1348 953 1414 orit.
975 1347 1010 1413 ll
1031 1374 1064 1437 p.
1087 1347 1163 1423 215.

84 1463 122 1516 et
141 1449 178 1515 in
198 1449 245 1515 H.
263 1446 425 1538 Stephani
442 1448 549 1518 Thes.
571 1472 601 1517 e.
623 1450 720 1518 3658.
735 1447 779 1516 D.
801 1451 898 1517 3659.
913 1451 960 1515 Α.
978 1447 1160 1516 Heindorf.
1238 1496 1241 1501 -

83 1552 129 1617 ad
151 1549 239 1618 Plat.
262 1549 388 1616 Phaed.
413 1549 487 1616 138.

95 1707 100 1715 .
139 1722 142 1726 ,
173 1651 210 1741 d.
233 1655 267 1718 2.
290 1649 451 1735 όαιρβᾶσα
472 1649 529 1716 τόν
554 1656 729 1718 τελισταῒον
750 1649 953 1736 κληρονόμον.
984 1650 1165 1737 Ὗνιερβαό·

83 1778 149 1820 νιιν
177 1778 213 1821 ι’.
237 1754 451 1838 παρέρχεσθαι
480 1752 536 1819 τόν
551 1757 739 1821 ,τελευταῖον
761 1751 954 1837 κληρονόμον
975 1753 1005 1820 is
1027 1753 1162 1833 dicitur,

84 1855 146 1943 qni
174 1854 392 1921 hereditatem
421 1856 504 1943 petit
534 1878 615 1921 non.
630 1855 723 1941 quasi
752 1857 793 1921 ab
814 1857 878 1922 hoo
899 1855 1071 1940 relictam,
1102 1856 1161 1922 sed
1279 1854 1281 1859 ’

83 1956 236 2046 abillo,
269 1955 362 2047 cujus
392 1956 449 2021 hic
478 1955 549 2044 ipse
579 1958 676 2022 heres
698 1956 773 2022 suit.
818 1956 928 2043 Atque
949 1957 1075 2023 faciunt
1096 1958 1160 2024 hoo
1237 2045 1240 2051 Ι

82 2058 133 2144 ii,
164 2058 220 2144 qui
242 2057 294 2149 jus
317 2081 413 2123 suum
436 2081 504 2124 non
526 2061 567 2124 ab
590 2058 688 2146 hujus
710 2060 767 2130 sed
790 2060 830 2125 ab
852 2059 945 2132 illius
966 2058 1161 2147 propinqui-

82 2176 152 2227 tate
179 2160 367 2227 derivatum
394 2161 524 2226 volunt.
576 2158 675 2227 Phile
706 2159 811 2247 igitur
841 2161 1058 2226 hereditatem
1078 2159 1162 2248 petit
1297 2178 1300 2185 ’

81 2285 154 2347 non
179 2277 216 2327 ut
236 2260 357 2343 Endii,
386 2262 499 2329 fratris
520 2261 687 2352 adoptivi,
720 2263 775 2328 sed
804 2277 840 2329 ut
862 2262 1012 2353 Pyrrhi,
1040 2262 1158 2352 patris.

84 2360 141 2431 (if.
163 2362 244 2429 infr.
268 2362 305 2449 ᾧ.
327 2365 370 2430 57
393 2377 425 2445 et
445 2364 499 2430 67.

169 2465 222 2528 καλ
242 2462 346 2550 νόριος
365 2463 522 2549 Ξενοκλῆς
542 2462 691 2550 Κόπριος.
734 2463 839 2533 codd.
863 2463 1019 2549 Κόπριος,
1045 2478 1082 2528 ut
1101 2489 1155 2553 ap.
1270 2468 1278 2481 '

81 2565 305 2634 Demosthen.
336 2567 376 2632 de
398 2591 511 2634 coron.
541 2592 575 2656 p.
598 2567 754 2650 246,13ι
788 2565 948 2645 Εόβοσλος
968 2565 1156 2649 Μνησιθέου

82 2664 244 2745 Κόπριος,
286 2670 371 2754 quod
404 2668 519 2735 Vales.
552 2683 584 2734 et
614 2667 745 2735 Corsin.
777 2669 811 2733 in
846 2664 1009 2749 Κυθήριος
1037 2668 1158 2732 mutari

81 2769 270 2862 jusserunt,
292 2770 451 2858 probante
468 2770 596 2835 Wolfio
619 2771 659 2835 ad
676 2769 852 2834 Demosth.
870 2767 1001 2857 Leptin.
1022 2792 1057 2858 p.
1079 2766 1156 2834 245.
1228 2755 1233 2766 .

79 2871 127 2938 Et
141 2871 349 2937 adsciverunt
367 2872 430 2938 hoc
446 2870 685 2938 Wunderlich.
701 2886 733 2936 et
743 2869 929 2940 Harlesius.
974 2867 1039 2937 Sed
1055 2891 1156 2956 quum

79 2997 190 3061 nuper
218 2971 361 3059 Κόπρος,
389 2973 684 3061 Hippothoontidis
711 2996 836 3061 pagus,
865 2996 909 3040 ex
928 2971 1155 3060 inscriptioni·
1215 2974 1217 2978 ’

80 3076 146 3141 bus
175 3074 375 3159 innotuerit,
398 3074 543 3152 dubitari
571 3099 636 3141 non
665 3090 771 3162 potest
799 3073 880 3160 quin
901 3073 1105 3160 utrobique.
1123 3086 1156 3138 et
1282 3100 1285 3105 ·

79 3176 169 3264 apud
191 3175 367 3244 Demosth.
397 3194 429 3242 et
456 3201 509 3265 ap.
531 3175 670 3245 Isaeum,
691 3173 830 3260 Κόπριος
850 3176 1078 3264 reponendum
1098 3173 1153 3240 sit.

79 3277 163 3343 Vid.
185 3275 335 3344 Boockh.
353 3277 454 3367 Corp.
476 3278 582 3344 lusor.
605 3303 638 3367 p.
660 3278 724 3347 216
746 3292 777 3342 et
797 3277 903 3344 Meier
924 3277 959 3341 in
976 3275 1151 3366 Ephemm.

78 3378 163 3447 Hal.
187 3380 270 3444 1826
291 3405 346 3446 no.
369 3383 412 3446 23
433 3404 462 3446 ο.
486 3381 561 3446 193.
584 3417 628 3432 -
649 3377 765 3463 Κόριος
786 3403 874 3444 neena
895 3381 935 3443 de
957 3378 1096 3456 marito,
1116 3389 1154 3440 ut

77 3479 284 3568 saepissime.
329 3481 429 3548 Recte
446 3496 556 3548 autem
572 3479 616 3545 ιόν
631 3481 895 3549 subaudiendum
912 3475 1152 3544 esseReiskius

76 3598 213 3663 monet3
250 3607 291 3646 ne
314 3584 386 3668 quis
408 3583 585 3650 articulum
606 3584 794 3649 addendum
821 3581 923 3648 fuisse
944 3579 1065 3644 credat.
1100 3604 1103 3609 ·

84 3746 90 3755 ,
167 3684 238 3766 τρία
260 3681 398 3748 τάλαντα
420 3685 540 3768 τίμημα
562 3689 607 3771 τῷ
627 3682 731 3771 κλήρῳ
749 3679 1005 3768 ἐπιγραψάμενος.
1050 3677 1151 3743 Vide·

57 3784 159 3855 -licet
178 3783 211 3850 ἰν
233 3791 271 3870 τῇ
292 3782 389 3868 λη’ξιι,
416 3787 451 3850 in
473 3784 640 3873 petitionis
661 3786 788 3852 libello.
835 3785 965 3865 Τι’μημα
987 3793 1035 3846 est
1056 3779 1170 3844 aestio.

76 3888 176 3955 motio
206 3888 395 3966 bonorum‚‘'
414 3911 496 3974 quae
525 3910 543 3951 a
565 3887 699 3977 Pyrrho
731 3887 846 3952 relicta
872 3883 937 3950 sibi
965 3893 1053 3947 nune
1074 3880 1151 3948 red·

77 3988 189 4054 denda
220 3990 467 4054 contenderunt.
511 3976 686 4055 Demostir.
710 3989 750 4052 de
771 4008 932 4077 symmor.
955 4009 989 4072 p.
1012 3982 1089 4065 183,
1114 3982 1148 4050 5.
1256 4041 1258 4045 .

76 4087 116 4154 τό
136 4086 258 4173 τόμημό
280 4089 343 4154 ἐστι
355 4089 390 4154 τὸ
406 4096 461 4173 τῆς
470 4088 577 4176 χώρας
591 4087 799 4170 ἑξακισχιλίων
822 4084 992 4151 ταλάντων.
1026 4081 1163 4174 Polyb.

76 4190 125 4277 ll,
147 4193 207 4263 622
238 4188 421 4275 ἐτιμήσαντο
452 4189 563 4277 τόντε
583 4189 688 4275 χώραν
709 4187 766 4273 τὴν
789 4186 928 4270 Ἀττικὴν
948 4185 1076 4252 ἅπασαν
1097 4186 1149 4248 καὶ
