2632 4800
334 1306 338 1315 '
452 1332 500 1389 ns
529 1328 882 1417 erroneorum

214 1471 1115 1633 osrrlonlsoonretnsenonen.
1241 1514 1244 1519 ’

126 1742 235 1831 Extat
248 1764 313 1831 ho'e
324 1766 549 1854 fragmentum·
568 1765 655 1858 epod
669 1762 809 1833 Suidem
830 1789 859 1834 s.
876 1789 913 1834 v.
930 1761 1095 1846 dedicator,
1116 1778 1198 1835 tom.
1266 1836 1276 1851 ,-

125 1870 145 1939 I
165 1897 199 1961 p.
220 1873 283 1941 165
294 1871 396 1939 Kitst.
411 1910 456 1924 -
475 1871 639 1945 Hermoni
656 1873 866 1941 sdversarius
880 1870 996 1964 objicit
1009 1872 1096 1958 qnod
1110 1870 1201 1938 Her·

124 1986 305 2040 moeretem
326 1974 503 2062 quendem,
533 1975 693 2043 libertum
712 1999 811 2064 sunm
831 1976 922 2042 hunc
942 1964 1014 2041 esse
1034 1988 1199 2067 causatus,

118 2073 360 2165 ¹instet-cerem
396 2076 596 2168 conjecerit,
636 2103 743 2166 neque
762 2078 867 2166 prins
897 2075 1063 2144 dimiserit
1098 2097 1199 2162 quem

121 2174 260 2264 triginta
281 2179 449 2248 drachmis
470 2182 513 2246 eb
531 2204 569 2247 eo
587 2180 724 2248 exactis.
771 2178 819 2245 Τό
842 2178 1011 2263 ἀναγκαῖον
1028 2175 1199 2268 privatum

120 2301 288 2345 carcerem
308 2304 380 2345 esse
401 2280 713 2347 censetMeusssons
735 2281 775 2345 sd
794 2274 994 2370 Herpooret.
1018 2294 1098 2346 tom.
1119 2282 1195 2370 211.
1265 2360 1270 2369 Ι

118 2382 164 2447 90
182 2378 298 2468 Lips„
324 2380 496 2469 publicum
516 2378 548 2447 l.
569 2378 616 2446 H.
631 2379 779 2446 Bornius
801 2380 880 2447 diss.
902 2382 944 2447 de
964 2403 1061 2469 poen.
1081 2378 1195 2447 libert.
1262 2372 1265 2379 ’

117 2479 241 2566 ingrat.
263 2502 317 2568 ep.
333 2480 432 2548 Rom.
451 2478 558 2568 (Lips.
573 2482 683 2567 1738.)
704 2482 807 2570 ο.12.
851 2479 894 2549 Et
914 2504 995 2547 sene
1015 2503 1197 2565 argumen-

115 2581 161 2649 tis
178 2578 368 2650 Menssocns
388 2602 468 2648 usus
483 2597 534 2649 est
554 2606 620 2649 non
638 2583 719 2651 estis
732 2581 867 2650 validis.
909 2579 996 2648 Nem
1010 2581 1096 2666 quod
1115 2578 1196 2647 Sui·
1261 2604 1269 2615 ⁸

117 2683 177 2749 des
208 2678 356 2748 ἀνάκαιον
381 2683 486 2750 fuisse
505 2683 590 2751 dicit'
613 2683 649 2749 τὸ
681 2680 896 2768 δεσμωτήριον
917 2684 960 2758 εἰς
985 2681 1003 2749 ὃ
1025 2681 1193 2765 κατέθεντο

114 2783 190 2859 τοὺς
210 2784 366 2870 πονηροὺς
386 2782 517 2862 δούλους
537 2791 667 2852 καὶτῶν
685 2784 902 2871 ἀπελευθέρων
924 2784 998 2861 τοὺς
1017 2783 1193 2871 ἀφισταμέ-

113 2910 206 2967 νους,
244 2885 391 2953 discerni
417 2910 488 2954 non
514 2902 623 2976 potest
647 2903 762 2954 utrum
790 2888 831 2954 de
851 2881 982 2976 privete
1002 2909 1045 2952 on
1067 2885 1108 2951 de
1128 2910 1193 2975 pn-

113 2989 203 3055 blico
232 2987 431 3055 coercitione
458 2989 687 3078 accipiendum
716 2993 783 3057 site
814 2991 921 3056 multo
947 3002 1059 3055 eutem
1079 2987 1191 3057 minus
1308 3014 1311 3019 ·

113 3114 160 3157 ex
184 3089 416 3164 Romanorum
440 3090 601 3159 institutis
627 3092 669 3158 de
690 3089 948 3160 Atheniensium
973 3087 1048 3181 jure
1076 3089 1191 3177 conje-

112 3206 241 3259 cturam
271 3215 389 3282 cepere
417 3190 508 3261 licet.
555 3192 644 3260 Mihi
664 3194 798 3280 quidem
818 3192 894 3261 veri
919 3191 1030 3259 simile
1055 3191 1190 3273 videtur
1220 3238 1225 3245 -

111 3290 388 3379 Hermocratem,
424 3294 568 3376 μέτοικον
593 3294 821 3374 hauddubie,
851 3294 895 3361 eb
914 3292 1088 3361 Hermone
1108 3291 1189 3359 dno-

111 3394 242 3485 στασίου
262 3397 466 3483 postulatum
485 3410 537 3480 et,
562 3419 667 3482 quum
686 3397 788 3465 vedeo
809 3396 889 3463 dere
909 3419 978 3462 non
998 3410 1118 3484 posset,
1150 3394 1188 3461 in

110 3518 279 3563 carcerem
299 3494 486 3586 coniectum
505 3520 577 3563 esse
597 3496 688 3586 (vid.
704 3498 745 3566 de
766 3499 840 3565 ord.
854 3495 924 3589 jud.
947 3521 981 3587 p.
992 3498 1084 3584 580),
1103 3520 1187 3563 mox
1309 3554 1313 3561 .

110 3612 220 3664 autem
239 3597 446 3666 Hermonem
464 3598 606 3688 pecunie
624 3614 756 3690 eccepto
784 3602 828 3666 ab
858 3599 988 3685 tectione
1009 3596 1185 3683 destitisse,

109 3723 174 3785 quo
195 3701 283 3767 fecto
304 3700 404 3767 illum
424 3725 443 3767 e
463 3725 595 3769 carcere
616 3701 741 3768 dimitti
771 3692 933 3789 oportuit.
952 3734 997 3751 --
1029 3697 1186 3767 Ceterum

107 3799 275 3884 ἀναγκαῖον
295 3803 404 3890 potins
424 3803 636 3870 scribendum
657 3802 772 3893 putavi
792 3827 869 3870 cum
890 3802 1062 3871 Menesa‘co
1084 3794 1114 3868 l.
1136 3803 1184 3883 1.,

107 3925 208 3989 qnam
238 3900 403 3990 ἀνάκαιον,
439 3904 525 3991 qnod
554 3918 604 3971 est
631 3904 717 3993 apud
746 3901 899 3973 Snidam.
964 3904 1053 3971 Illud
1082 3904 1185 3971 hebet

107 4002 328 4093 Harpocratio
357 4031 391 4096 p·-
415 4005 468 4072 1⁵.
492 4006 553 4084 16,
581 4006 672 4071 hunc
698 4005 808 4094 ipsum
829 4004 916 4074 Iseei
942 4004 1053 4071 locum
1075 4006 1181 4095 respi·
1210 4008 1213 4013 ’

106 4105 217 4189 ciens;
244 4105 387 4172 alterum
407 4105 557 4196 Etymol.
578 4105 626 4173 M.
648 4131 683 4195 p.
706 4108 760 4192 98,
789 4111 845 4192 30,
868 4108 926 4174 sed
947 4106 994 4172 ita
1014 4121 1052 4173 nt
1072 4106 1182 4174 Boeo·
1249 4190 1253 4199 Ι

104 4200 216 4275 torum
230 4207 294 4275 hoc
308 4206 483 4299 proprium
494 4207 604 4276 dicere
617 4208 789 4279 videatur:
812 4205 973 4279 ἀνάκαιον.
985 4233 1015 4274 τι
1029 4207 1107 4295 (scr.
1127 4207 1179 4297 τὸ)

701 4468 750 4545 l
