2632 4800
237 294 303 364 ou
321 293 630 367 mooooootu
649 253 969 399 inflamma.
1069 301 1159 373 σοι.

150 463 188 553 ᾗ.
211 460 244 536 7.
267 462 310 542 ὥς
330 461 443 532 ἑαυτοῦ
450 511 463 552 ,
493 467 546 532 καὶ
566 463 625 550 τὴν
644 467 765 552 μητέρα
785 465 1000 552 κομισάμενος.
1042 469 1136 539 Haeo

60 564 185 634 iereor
200 581 247 642 *ut
273 591 352 634 sana
380 568 458 637 siut.
501 567 655 644 Primum
686 567 777 634 euim
793 568 828 635 ὀἱ
850 565 893 645 ὥς
912 567 1028 637 ἑαυτοῦ
1048 573 1137 639 acei-

56 666 225 758 piendum
245 668 336 735 dicas
358 693 436 757 pro:
468 681 628 754 temptam
647 693 752 754 mum,
776 671 910 756 perinde
931 696 971 738 ασ
990 674 1021 737 οἱ
1038 674 1137 759 breim

51 768 152 858 filim
177 783 256 835 esset
285 772 440 836 naturalis
447 817 458 854 ,
494 795 555 836 νιοα
572 772 756 856 privigenum,
789 771 853 836 boe
873 771 1004 861 ipsum,
1043 775 1137 841 arbi·

60 885 155 954 tror,
182 868 295 939 loaeus
317 873 415 938 aliter
435 873 648 959 eloqnuturus
663 872 802 956 fuisset,
827 897 864 940 v.
885 897 916 939 ο.
937 872 1041 961 ὥσπερ
1062 871 1154 953 ἔπεα·

61 977 123 1037 τοῦ
142 970 221 1038 ὄντα
242 988 316 1052 aut,
343 987 380 1038 ut
395 973 516 1041 vitaret
537 973 682 1065 ejusdem
704 973 871 1063 participii
891 974 1136 1064 repbtitionem,
1244 1032 1247 1045 ,

62 1072 170 1160 ὥσπερ
191 1072 358 1151 ὶξὲιιοτοῦ
378 1071 522 1159 γεγονότα
549 1100 583 1142 v.
606 1072 776 1160 πεφυκότα.
818 1074 909 1141 Dein
930 1076 1009 1163 qnid
1030 1078 1140 1165 signi·

54 1175 177 1259 ,ficabit
197 1177 249 1241 καὶ
270 1215 313 1227 —-
334 1172 561 1258 κομισάμενοςῖ
597 1175 655 1243 An
677 1179 759 1243 boet
795 1177 912 1263 quippe
929 1170 1021 1262 quom
1042 1182 1137 1246 etiam
1245 1266 1248 1271 .

57 1291 199 1353 ‚marem
224 1277 290 1364 eyia
317 1280 351 1343 im
378 1279 605 1343 matrimonium
635 1278 799 1343 domaret?
835 1278 902 1359 llic
923 1302 1051 1365 quoque
1082 1279 1137 1348 ἅτε
1198 1312 1201 1321 ’

60 1394 124 1447 aut
149 1379 312 1470 ejusmodi
339 1380 418 1466 quid
448 1378 639 1445 additurum
669 1379 773 1444 luisse
803 1378 935 1446 Isaeum
969 1381 1138 1470 suspicor3

61 1481 141 1566 ned,
175 1483 240 1548 boe
259 1497 296 1547 ut
318 1481 427 1548 omitti
453 1479 614 1569 potuerit,
654 1480 733 1566 quid
755 1480 911 1567 estquod
933 1480 1138 1567 κομισάμενος

61 1582 149 1650 dicit
164 1582 204 1650 de
218 1583 357 1649 muliere
377 1583 415 1648 in
435 1581 687 1649 matrimonium
703 1581 824 1648 ducta?
853 1581 963 1671 Hujus
984 1584 1138 1671 equidem
1158 1670 1161 1675 Ι

60 1686 268 1771 loquutionie
300 1709 405 1771 neque
435 1683 598 1750 rationem
629 1683 793 1772 perspicio
820 1707 924 1769 neque
946 1689 1138 1775 exemplum
1217 1704 1225 1716 ·

30 1808 33 1813 '
59 1787 158 1857 novi.
197 1788 293 1872 ,Quid
308 1787 443 1872 igitur?¹
460 1786 489 1852 εἰ
504 1787 653 1872 legamus
675 1783 718 1860 ὡς
739 1780 852 1849 {aveto
865 1786 917 1848 καὶ
937 1782 996 1868 τὴν
1016 1789 1139 1872 μητέρα

61 1886 289 1972 κομισάμενος,
325 1913 417 1973 quoto
442 1889 476 1952 io
511 1889 636 1952 dmum
662 1911 770 1971 αιααι,
808 1887 855 1961 od
882 1911 914 1950 ee
945 1900 1139 1974 matremque

56 2014 196 2078 puerum
215 1992 389 2076 recepisset.
433 1989 565 2078 Quippe
579 2003 673 2056 autea
687 2013 769 2077 puer
790 1990 875 2077 apud
894 2003 1035 2056 tutorem
1058 1992 1140 2057 edu-

62 2107 159 2159 entus
180 2093 305 2175 fuerat,
335 2116 352 2158 a
376 2117 439 2178 quo
462 2117 563 2179 quum
584 2091 724 2180 pessime
745 2092 941 2175 haberetur,
965 2092 1139 2159 Archeda·
1222 2086 1225 2090 Δ

26 2205 32 2212 “
63 2217 141 2263 mus
163 2218 239 2259 eum
260 2185 331 2260 sibi
348 2218 385 2271 ae
407 2195 505 2260 matri
527 2194 730 2264 reddendum
752 2192 892 2259 curavit.
912 2220 958 2242 ·-
981 2192 1139 2262 Ceterum
1217 2266 1221 2276 ,
1253 2216 1256 2221 ’

63 2292 216 2388 privigni
232 2296 318 2385 apud
332 2295 492 2362 vitricum¹
503 2295 631 2360 educati
653 2297 843 2383 exemplum
857 2296 1016 2360 habemus
1039 2295 1139 2363 etiam

63 2397 109 2465 in'
133 2412 217 2464 orat.
241 2398 280 2463 de
297 2396 476 2486 ›Astyphili
506 2398 579 2463 her.
612 2396 649 2484 ᾗ.
672 2399 727 2462 27.
751 2395 835 2481 quod
858 2411 970 2461 tamen
990 2397 1037 2461 ita
1057 2422 1141 2464 nar·

64 2513 178 2584 ratur,
218 2514 255 2564 ut
281 2500 344 2565 boc
372 2521 439 2564 nou
465 2521 595 2586 semper
622 2496 695 2563 fieri
723 2497 859 2561 solitum
889 2498 997 2562 videri
1021 2498 1140 2586 possit,

64 2623 143 2668 meo
164 2601 297 2688 quidem
318 2599 454 2692 judicio.
497 2597 584 2665 Nam
605 2596 783 2665 Platnerns
803 2596 839 2663 Il
860 2623 894 2687 p.
915 2598 980 2664 279
1001 2599 1141 2669 vitricos

64 2727 200 2794 semper
220 2704 319 2768 etiam
336 2713 453 2767 totores
466 2699 698 2790 privignorum
718 2700 870 2782 legitimos
890 2698 992 2764 luisse
1005 2701 1141 2770 statuite

66 2798 157 2891 qnod
179 2805 208 2871 oi
234 2828 351 2872 verum
382 2819 484 2887 esset,
517 2803 618 2868 etiam
639 2801 771 2866 educari
793 2800 835 2865 ab
856 2800 910 2866 his
930 2800 1140 2888 potissimum

65 2905 179 2975 videri
200 2907 366 2972 deberent.
418 2903 483 2972 Sed
505 2918 699 2991 argumento
721 2901 826 2968 utitur
847 2903 958 2986 nullo,
988 2902 1056 2968 nisi
1077 2904 1141 2970 bae

67 3007 111 3073 ‹le
125 3007 309 3098 Astyphilo
324 3006 532 3091 narratione,
561 3029 643 3092 quae
656 3004 788 3091 quidem
805 3026 872 3068 non
894 3018 943 3070 est
963 3002 1141 3095 ejusmodi,

66 3123 106 3175 ut
126 3110 243 3199 probet
264 3134 335 3175 rem
356 3133 416 3198 per
437 3132 471 3174 se
492 3107 571 3174 satis
592 3106 858 3196 improbabilem.

154 3211 242 3286 δίκας
271 3208 328 3276 δύο
361 3207 448 3275 ἑλών.
500 3209 655 3276 Alteram
674 3208 715 3274 de
742 3207 878 3275 semisse
904 3205 1140 3274 hereditariae
1250 3276 1253 3280 ,

65 3310 226 3380 rhetore
247 3313 380 3398 relicta,
414 3314 552 3378 alteram
579 3327 712 3402 propter
732 3310 870 3376 tutelam
889 3309 977 3375 male
996 3306 1141 3375 admini-

66 3428 218 3481 stratam.
262 3413 341 3481 Vid.
365 3414 402 3502 ἦ.
426 3416 479 3481 10.
757 3404 761 3410 ’

156 3516 194 3604 5.
224 3517 257 3584 8.
300 3517 453 3581 πέπονθεν
482 3505 516 3580 εὖ
547 3528 738 3604 corruptum
768 3512 902 3582 videtur
929 3511 1141 3579 Bernhardio

32 3669 37 3681 .
67 3613 215 3708 Syntax.
237 3644 271 3708 p.
285 3621 360 3685 379.
404 3618 476 3702 Ego
492 3633 602 3683 tamen
619 3619 785 3706 perlecto,
812 3639 880 3681 nou
893 3613 1052 3679 historico
1073 3612 1140 3696 illi,

66 3719 126 3786 red
148 3720 221 3785 veri
242 3720 406 3800 nominis,
435 3720 490 3786 bic
511 3744 579 3785 non
600 3720 711 3785 miuus
732 3712 844 3783 locum
865 3739 935 3782 esee
957 3713 1139 3798 statuerim,

66 3844 169 3908 quam
198 3820 287 3888 iufra
316 3829 349 3902 ὅ.
373 3823 415 3889 1²
443 3822 609 3906 γεγένηται.
664 3819 718 3885 Βο
744 3817 936 3905 loquutione
965 3815 1141 3901 ληφθέντος

67 3924 114 4009 εἷς
132 3921 207 3998 τοὺς
227 3925 391 4007 πολεμίους
411 3924 454 3989 cf.
477 3923 519 3988 ad
541 3938 625 3989 orat.
649 3923 689 3987 de
710 3920 855 3987 Pbiloct.
878 3919 952 3984 ber.
965 3912 1013 4005 x§.
1037 3918 1069 3984 1.

156 4025 214 4100 inc
244 4015 282 4090 οὗ
311 4020 503 4109 εὐπορήσειεν
535 4024 646 4097 ἐκεῖνος
672 4017 846 4106 τάργύριον.
888 4018 1015 4085 Eodem
1042 4016 1140 4111 bujna

67 4122 166 4193 vdrbi
193 4140 357 4192 structura
384 4126 489 4192 utitur
509 4124 750 4191 Demosthenen
780 4136 841 4188 ctr.
864 4120 981 4187 Boeot.
1004 4121 1044 4186 tle
1066 4121 1141 4187 dote

67 4252 104 4318 p.
128 4227 226 4312 1019,
248 4229 306 4295 13:
334 4225 470 4295 ἄλλοθέν
490 4250 524 4305 τε
541 4222 690 4313 χρήματα
711 4218 887 4310 εὐπορήσας
907 4222 959 4287 καὶ
979 4220 1012 4287 ἔκ
1032 4224 1141 4289 Μινα-
