2632 4800
301 277 365 349 DE
386 274 701 348 olonnoesffls
722 274 1044 351 HEREDITATE.
1148 281 1216 349 301

89 444 223 519 illud
245 449 421 518 verbum
408 454 583 517 inventrim
606 460 666 514 est.
709 440 796 513 Nam
816 447 902 534 quod
919 445 1084 515 Sluiterus
1104 448 1214 521 Lectt.

89 552 290 623 Andocc.
319 576 352 640 Ρ.
377 549 440 616 106
469 550 555 639 apud
577 531 717 640 Lysiam
745 572 873 635 quoque
900 567 1014 615 extare
1042 550 1188 636 dicit,
1174 576 1215 620 ιιι
1300 578 1303 584 “

89 672 288 721 errorem
320 676 396 719 cnm
416 651 551 718 induxit
571 647 717 740 Taylori
744 650 837 716 loeus
858 650 1111 770 negligentius'
1101 677 1214 743 rnspe

89 772 226 837 etus,
248 752 353 820 Lectt.
376 753 509 845 Lysiae.
531 777 566 842 Ρ.
581 752 658 836 228,
679 750 738 817 ubi
758 776 861 838 quum
883 751 947 817 dno
968 752 1035 817 loci
1055 753 1215 837 citentnr,

89 854 222 924 einer
235 854 448 922 Andocideus
469 853 547 938 ille,
564 854 659 921 xalter
672 853 854 943 Lysiacns,
883 867 1055 920 auctorum
1075 857 1215 923 nomina

89 950 181 1026 ita
213 981 234 1023 a
256 957 408 1046 Tayloro
441 955 605 1045 adscripta
626 969 724 1036 sunt,
761 970 798 1021 ut
818 954 943 1044 Lysiae
969 956 1074 1021 verba
1100 956 1214 1025 videri

89 1059 247 1151 ‘rimo
273 1073 405 1147 aspectu
434 1057 582 1147 possint,
611 1080 695 1143 quae
727 1071 804 1127 sunt
824 1055 1040 1124 Andocidis..
1065 1056 1212 1127 Meierus

89 1176 248 1229 &ntem
269 1159 310 1226 dc
338 1159 411 1225 ord.
440 1158 512 1250 jud.
536 1183 569 1247 Ρ.
591 1157 656 1225 384
674 1172 747 1227 not.
768 1158 811 1226 51
833 1158 934 1225 etiam
954 1158 991 1224 in
1012 1159 1077 1226 hac
1096 1174 1218 1227 nostra.

89 1262 288 1333 (oratione
315 1287 349 1351 Ρ.
373 1259 428 1343 95,
449 1258 541 1327 41ἷ.
572 1258 624 1348 (ἦ.
648 1260 691 1324 12
711 1259 814 1347 extr.)
843 1261 985 1328 verbum
1006 1260 1280 1343 illud1nve·‚

90 1364 226 1432 :risse
253 1363 321 1431 sibi
340 1361 494 1440 videtur,
524 1359 635 1426 nescio
667 1385 731 1447 quo
760 1384 873 1428 errore
904 1362 1068 1451 deceptus.
1114 1361 1213 1430 Oete·
1250 1350 1282 1373 '¹

99 1484 214 1534 :nrum
245 1464 275 1551 ai
302 1487 449 1551 unquam
475 1463 513 1529 in
542 1486 604 1527 usu
631 1462 748 1529 suisset
775 1464 1051 1549 ψευδομαρτυρῶν
1078 1489 1139 1554 pro
1168 1460 1209 1531 vd
1282 1487 1285 1493 ·

107 1569 239 1651 πρευδῆ
259 1574 444 1651 μαρτυρεῖν,
477 1576 627 1651 utroque
637 1578 750 1630 tamen
769 1566 861 1650 loco,
893 1579 926 1631 et
946 1581 1060 1633 nostro
1082 1581 1116 1632 et
1135 1566 1211 1633 An·

123 1668 293 1748 docideo,
325 1691 396 1733 non
415 1665 745 1753 ψευδομαρτυριῶιτες
764 1667 821 1734 sed
842 1664 1211 1755 ψιιιδομαρτυριιὶσαντες
1308 1705 1311 1709 -

126 1769 346 1838 scribendim
365 1768 493 1834 fnisset.

222 1872 261 1960 ᾧ.
275 1873 328 1938 16.
354 1869 471 1956 ἀμφοῖν
494 1871 528 1935 δὲ
547 1880 617 1937 tofo
639 1866 807 1955 dea-iduato
829 1866 955 1956 dndpoco
974 1868 1210 1953 propinata-2.

137 1972 182 2042 H·
205 1997 259 2041 e..
295 1972 460 2039 de'oodd'
441 1997 521 2058 αμφ.
543 1972 601 2049 τὰς
622 1971 780 2059 διαθήκας
800 1969 934 2060 ἀκύρους
954 1967 1044 2043 divae.
1088 1970 1143 2042 Cf.
1165 1974 1209 2043 ad

138 2098 187 2143 or.
207 2076 251 2149 da
274 2072 449 2166 Cleonym.
475 2076 547 2143 her.
573 2075 610 2162 ᾧ.
633 2073 688 2143 14.

221 2172 510 2263 διεμαρτύρησε-
511 2175 705 2245 .Videmus
725 2177 790 2245 hac
811 2176 1022 2266 διαμαρτυρία
1042 2204 1087 2263 μη
1075 2174 1163 2242 ἐπί
1160 2147 1210 2241 di·
1190 2212 1214 2233 .,

138 2304 191 2346 nor
211 2274 342 2345 εἶναι
309 2304 364 2344 τοι
385 2282 498 2364 κλῆρον
520 2278 620 2345 stiam
642 2303 720 2345 eum
739 2279 801 2363 uti,
831 2279 888 2366 qui
910 2293 1104 2347 testamento
1127 2279 1210 2347 ado·

137 2396 245 2472 ptatus
266 2394 367 2460 esset,
394 2380 473 2446 licet
500 2380 573 2469 capi
593 2382 635 2446 ab
657 2381 721 2446 hoc
751 2381 918 2448 hereditas
939 2380 1209 2471 sine‘imdmoolp

138 2506 206 2550 non
224 2496 345 2574 posset.
388 2480 468 2546 Vid.
484 2482 524 2547 de
537 2481 664 2573 Pyrrhi
687 2483 759 2549 her.
783 2483 819 2569 §.
837 2484 879 2549 61
901 2496 987 2551 extr.
1004 2496 1037 2549 et
1056 2506 1207 2573 prooem.

137 2585 178 2652 ad
199 2607 251 2652 or.
274 2585 315 2649 de
336 2583 478 2649 Menecl·
499 2583 572 2649 her.

221 2687 259 2774 ᾗ.
275 2685 328 2752 17.
350 2682 370 2767 ἡ
392 2683 449 2766 μὲν
470 2688 554 2767 λῆξις
573 2679 756 2770 τοῦκλῆρου
770 2682 931 2771 διεγράφη.
972 2682 1054 2751 vid.
1068 2683 1109 2750 de
1131 2685 1211 2759 orda
1244 2730 1247 2741 ·
1271 2740 1277 2751 .

136 2787 205 2878 jud.
228 2813 262 2877 Ρ.
285 2789 329 2852 27
349 2801 418 2851 not.
440 2788 462 2851 3
484 2801 569 2875 etp.
592 2783 668 2852 610.
783 2852 786 2857 ,

220 2887 435 2974 ἔξαιρεθιισῶν
464 2892 527 2953 τῶν
553 2884 671 2972 ψήφων
691 2924 745 2953 -.
786 2884 870 2955 Scil.
898 2885 932 2951 ix
959 2890 1015 2952 τοῦ
1045 2886 1208 2954 καδίσκου.Ι

135 2992 344 3082 Apparebat,
377 2989 475 3054 etiam
493 3012 562 3055 non
577 2987 792 3056 dinumeratis
813 2988 970 3074 calculis,
1002 2989 1114 3076 plures
1135 3012 1207 3056 csse

135 3109 225 3160 atros
247 3115 348 3179 quam
379 3092 492 3173 albos;
523 3091 732 3180 promintiari
758 3105 868 3157 tamen
889 3090 1117 3169 condemnatio
1139 3090 1208 3158 nisi
1231 3080 1234 3087 ⁵

135 3193 355 3261 dinumeratis
386 3192 521 3258 calculis
552 3216 620 3258 non
650 3193 768 3281 potuit.
819 3193 1001 3281 Propterea
1022 3192 1065 3259 ad
1092 3215 1206 3284 preces
1259 3269 1262 3274 ¹

132 3319 171 3365 as
192 3309 389 3363 convertunt
410 3293 610 3378 adversarii,
637 3318 679 3359 ne
700 3294 963 3361 dimimerentnr.

221 3394 281 3462 ὅσα
309 3393 382 3479 ἡμῖν
417 3395 563 3479 ἐξεγένετο
594 3394 839 3481 διαπράξασθαι.
896 3394 978 3461 Erat
1005 3393 1096 3462 enim
1122 3395 1207 3463 haeo
1261 3419 1266 3427 ·

131 3498 213 3566 falsi
226 3497 408 3567 testimonii
426 3498 510 3564 actio
528 3494 610 3582 ἀγών
623 3493 760 3581 τιμητός,
782 3496 979 3587 gravissima
993 3496 1103 3583 itaque
1114 3498 1207 3565 mul-

132 3615 187 3666 cta
214 3598 360 3687 irrogari
390 3615 540 3688 poterat,
572 3598 627 3664 cui
652 3599 829 3666 solvendae
849 3598 960 3687 impar
980 3610 1063 3664 esset
1084 3596 1206 3666 adver-

131 3702 243 3769 sarius
271 3724 309 3768 ac
334 3700 474 3788 proinde
501 3697 613 3786 ἄτιμος
638 3703 742 3769 fieret.
792 3700 869 3766 Huc
890 3700 981 3765 enim
1001 3697 1144 3787 pertinet
1164 3699 1204 3787 §.

133 3803 199 3870 19·
238 3799 475 3886 dyyevdpevor‘
457 3810 531 3887 ημῖν
559 3800 718 3869 αὖτόν-
739 3799 901 3885 ἀτιμῶσαι.
946 3798 1044 3866 Conf.
1067 3799 1108 3867 de
1128 3802 1203 3871 ord.

131 3902 205 3993 jud.
195 3928 264 3992 ..Ρ
288 3904 353 3969 383
374 3928 423 3992 sq.

219 4003 258 4091 §.
271 4003 325 4072 18.
346 4003 392 4089 μὴ
413 4013 616 4092 συιαριθμιΐν
634 4041 689 4071 -.
709 4003 871 4092 Expectes
884 4000 994 4122 potips
1015 4003 1202 4088 διαριθμεῖν.

131 4102 202 4177 Sed
223 4119 334 4177 tamen
354 4106 438 4174 illud
460 4132 588 4196 quoque
607 4085 800 4192 ferendum,
830 4128 933 4193 quum
953 4104 991 4173 in
1011 4104 1082 4194 ipsa
1103 4105 1203 4197 dinn-
