2632 4800
422 1260 467 1315 tot
495 1258 779 1319 oltfflottatu
811 1263 852 1318 X·
970 1214 974 1218 ι

112 1380 1191 1552 nusa1sraicu1nnauo1uirn.
1273 1442 1276 1449 “

428 1732 431 1736 ,
519 1686 786 1754 ancorarum·

112 1832 340 1926 Aristarchus
371 1855 575 1950 Sypallctius
604 1883 625 1926 a
650 1858 837 1927 Xenaeneti
861 1857 1089 1929 Acharnensis
1116 1859 1191 1929 fitis

114 1974 269 2047 quattuor
295 1963 437 2050 suscepit
462 1962 607 2045 liberos,
639 1958 721 2028 duas
747 1963 833 2030 filisa
858 1963 1063 2050 totidemque
1087 1961 1188 2044 filios,

70 2060 92 2071 ”
114 2059 321 2152 Gyronidcm
355 2078 387 2128 et
410 2062 670 2130 Democharem.
714 2061 770 2128 Ex
790 2063 844 2131 his
866 2062 1053 2156 Gyronides
1072 2064 1190 2134 in-avi

112 2164 256 2231 materni
288 2165 422 2230 domum
454 2190 514 2254 per
542 2165 753 2252 adoptionem
781 2165 933 2252 transiit,
970 2154 1189 2256 quamobrem

85 2281 245 2359 ’mortuo
265 2264 462 2332 Aristarcho
483 2280 551 2333 tota
572 2266 643 2358 ejus
664 2267 830 2334 hereditas
851 2267 893 2332 ad
915 2269 1058 2336 alterum
1078 2268 1195 2336 hlium

109 2365 357 2438 Democharem
378 2367 548 2452 pervenit,
575 2391 678 2454 eoque
700 2380 774 2433 ante
796 2369 943 2437 adultam
965 2384 1104 2436 aetatem
1125 2393 1188 2438 ex·

109 2466 216 2533 tincto
245 2468 412 2553 alteraque
441 2491 486 2534 ex
512 2468 645 2535 filiabus
672 2467 754 2533 item
780 2483 911 2535 mortua
933 2470 1084 2536 omnium
1104 2469 1188 2561 Ari·

107 2567 236 2635 starchi
259 2571 422 2635 bonorum
443 2568 516 2660 jure
538 2565 571 2634 et
592 2568 722 2654 legibus
743 2569 840 2636 heres
855 2583 926 2634 erat
945 2571 1015 2634 filia
1036 2593 1104 2639 una
1126 2572 1187 2637 ad-

108 2672 178 2739 huc
199 2686 380 2758 superstes,
402 2695 557 2757 eamque,
587 2686 625 2736 ut
646 2669 847 2756 epiclerum,
875 2669 913 2735 in
934 2670 1187 2739 matrimonium
1244 2699 1248 2705 ·
1274 2666 1296 2681 '⁷

108 2788 222 2864 petere
242 2787 393 2860 poterant
420 2772 568 2863 proximi
594 2771 737 2865 cvrati.
780 2771 887 2837 Erant
905 2787 1016 2839 antem
1035 2772 1187 2858 proximi

107 2873 304 2958 Aristarchi
320 2876 423 2940 frater
437 2874 666 2941 Aristomenes
687 2897 764 2939 cnm
784 2873 856 2938 filio
871 2872 1092 2959 Apollodoro.
1135 2875 1186 2942 At

106 2998 192 3044 ‚vero
206 2975 435 3042 Aristomenes
454 3000 560 3062 neque
580 2977 651 3065 ipse
668 2991 742 3042 eam
756 2974 875 3059 duxit,
904 2999 1010 3061 neque
1030 2975 1101 3041 filio
1123 3000 1184 3043 suo

107 3077 306 3161 collocavit,
340 3078 398 3145 sed
429 3077 490 3144 alii
519 3077 652 3144 cuidam
673 3094 831 3143 extraneo
852 3100 929 3143 cnm
951 3077 1031 3143 doto·
1047 3074 1183 3166 exigua,

107 3180 196 3246 hona
217 3195 327 3254 autem
348 3181 389 3246 ab
410 3179 607 3246 Aristarcho
627 3180 763 3263 relicta,
794 3200 935 3270 qnorum
955 3179 1042 3244 hanc
1061 3181 1184 3247 mulie-

107 3298 181 3346 rem
213 3280 369 3348 heredem
390 3305 460 3357 esse
488 3285 678 3369 oportebat,
708 3281 919 3348 omnia-cnm
939 3280 1008 3346 filia
1030 3272 1089 3346 sua
1112 3279 1183 3370 Gy·

102 3381 223 3450 'ronidi
250 3382 358 3465 dedit,
385 3383 574 3466 Aristarchi
599 3384 670 3450 filio
699 3383 770 3466 itti,
804 3382 862 3469 qui
889 3405 950 3469 per
970 3380 1182 3471 adoptionem

106 3481 144 3548 in
158 3480 344 3550 Xenaencti
359 3485 493 3551 domum
515 3484 692 3551 transierat
711 3484 851 3572 ideoque
870 3508 969 3556 omne
989 3482 1042 3575 jus
1063 3482 1100 3549 in
1119 3506 1183 3572 pa-

106 3583 170 3650 tris
198 3585 285 3651 bona
306 3585 503 3653 succedendi
530 3586 698 3653 amiserat.
741 3584 796 3651 Ex
818 3586 881 3651 hoc
905 3583 1087 3674 Gyronidis
1108 3607 1182 3649 ma-

106 3685 267 3753 trimonio
290 3712 391 3774 quum
417 3687 506 3755 titius
528 3703 624 3755 natus
646 3703 749 3766 esset,
780 3688 872 3753 hunc
892 3684 947 3752 iiii
967 3685 1077 3752 filium
1097 3684 1182 3752 Ari-

106 3788 240 3854 starcho
266 3789 480 3856 instituerunt
507 3804 604 3876 atqua
632 3790 675 3855 ab
703 3787 759 3856 avi
785 3786 923 3853 nomine
943 3786 1180 3855 Aristarchum
1291 3840 1303 3847 -

106 3903 140 3954 et
159 3887 270 3975 ipsum
285 3893 505 3978 appellarunt.
549 3890 623 3957 Hoc
637 3912 765 3977 qnoque
781 3902 916 3955 mortuo
936 3887 1053 3955 liberis
1074 3887 1180 3954 nullis

90 3986 232 4056 'relictis
251 3992 349 4058 heres
369 3992 401 4058 ei
422 4017 461 4058 ac
481 3991 570 4058 filius
592 4014 637 4058 ex
658 4003 850 4057 testamento
871 3988 1057 4055 instituitur
1075 3989 1180 4054 frater

107 4088 333 4159 Xanaenetus.
384 4092 474 4159 Huic
502 4105 612 4158 autem
639 4090 681 4157 do
709 4090 892 4158 hereditate
919 4088 1179 4158 controversiam

105 4207 219 4262 movet
237 4192 430 4261 Aristarchi
448 4192 541 4261 illitu
561 4191 684 4264 veteris
704 4214 806 4284 napos
826 4215 872 4260 ex
891 4191 980 4276 titia,
1007 4210 1091 4279 quaa
1111 4213 1178 4259 una
1283 4197 1287 4206 '
