2632 4800
55 111 105 181 IN
131 104 683 181 ORAT.DEA120LL01)0R1
705 104 1026 223 HEREDITATE.
1068 118 1133 185 8⁵3

56 280 149 349 iuter
163 279 262 348 illum
280 295 376 367 atque
390 279 635 349 Archidamum
654 305 769 348 causas
788 281 1012 351 intercessisse
1025 283 1130 370 docet,

60 372 206 449 namatio
232 382 275 449 iis
303 384 421 465 rebus,
452 406 534 467 quae
564 383 701 453 anobis
722 383 821 449 modo
843 384 1012 471 expositae
1032 399 1127 468 sunt3

58 507 166 571 neque
188 483 401 549 imminutum
424 498 535 569 postea
551 485 606 549 vel
627 484 740 549 odium
761 482 846 551 illud
868 487 923 552 rel
944 486 1030 552 hanc
1051 512 1129 574 gra·

58 583 141 651 tiam
163 608 233 651 esse
255 584 524 651 manifestissime
546 585 760 650 demonstret.
819 582 908 650 Dein
938 587 1129 673 adoptatum

59 710 100 775 se¹
116 710 186 752 non
214 708 275 775 per
295 700 545 768 testamentum,
583 686 668 772 quod
693 685 765 772 quis
787 685 992 775 suppositum
1014 688 1129 755 crimi-

59 787 136 853 nari
165 787 290 877 possit,
329 787 386 853 sed
414 787 455 851 ab
484 787 558 873 ipso
578 785 788 873 Apollodoro
817 787 895 852 vivo
925 810 963 852 ac
990 810 1071 856 seno
1091 788 1128 855 in
1230 840 1233 851 .

60 903 194 974 gentem
223 912 261 953 ac
289 887 473 977 phratriam
499 888 723 973 introductum
751 912 839 971 esse,
875 888 1071 977 pbrutorum
1091 913 1130 956 sc

59 990 237 1077 gentilium
264 988 451 1055 testimonio
479 989 607 1074 probat.
657 990 770 1074 Atque
800 988 900 1054 etiam
929 988 1129 1081 Thrasybu·
1232 996 1253 1078 J

29 1084 150 1174 'lum‚
179 1114 223 1156 ex
243 1091 345 1155 altera
360 1088 532 1178 Eupolidis
554 1089 623 1155 filia
645 1104 779 1174 natum,
805 1089 1006 1178 Apollodori
1025 1091 1130 1178 igitur

11 1232 18 1243 ·
60 1190 273 1272 ἀνεψιαὸοὕν,
301 1190 359 1281 qui
387 1191 525 1256 meliore
555 1190 655 1257 etiam
676 1214 776 1277 quam
796 1191 987 1258 adversaria
1007 1214 1130 1279 cogne-

60 1292 162 1360 tionis
178 1291 251 1385 jure
271 1291 487 1358 hereditatem
511 1308 621 1379 petere
639 1306 765 1378 posset,
794 1291 858 1358 rite
877 1315 911 1358 se
930 1308 1027 1380 etque
1044 1295 1130 1382 legi·
1155 1366 1160 1373 ,

59 1394 142 1462 time
163 1395 204 1460 ab
226 1393 431 1482 Apollodoro
453 1394 642 1482 adoptatum
663 1393 727 1458 boo
746 1391 819 1480 ipso
840 1394 1025 1460 consessum
1046 1420 1129 1482 esse,

60 1497 150 1585 quod
177 1497 305 1562 nullam
334 1495 398 1562 sibi
422 1496 461 1561 de
493 1495 674 1561 hereditate
695 1493 954 1561 controversiam
975 1498 1128 1565 moverit.

58 1598 230 1667 Accedere
247 1597 347 1663 etiam
365 1598 570 1664 demetarum
584 1595 829 1679 testimonium,
860 1596 979 1683 quibus
997 1598 1130 1665 absente

58 1723 97 1767 oe
118 1714 252 1788 propter
266 1698 442 1790 Pythicam
457 1698 658 1784 legationem
669 1697 895 1785 Apollodorus
910 1698 1129 1784 mandaverit,

58 1815 100 1867 ut
132 1801 162 1867 ri
190 1799 268 1887 quid
303 1801 369 1867 sibi
397 1816 472 1867 ante
502 1800 566 1866 lilii
593 1798 741 1886 adoptivi
772 1798 915 1865 reditum
946 1798 1130 1881 accidisset,

57 1903 152 1971 hunc
178 1901 216 1968 in
237 1904 365 1970 tabulas
391 1902 611 1969 lexiarcbicas
638 1916 806 1990 tamquam
830 1900 940 1967 lilium
960 1924 1058 1969 suum
1075 1901 1131 1969 in·

59 2003 264 2086 scribereut3
292 2004 391 2090 idque
413 2006 512 2070 etiam
532 2006 657 2071 lactum
678 2026 748 2071 csse
780 2026 799 2069 a
821 2003 980 2089 demotis,
1006 2004 1130 2072 frustra

60 2105 318 2191 obloquentibus
340 2107 552 2195 adversariis.

149 2205 216 2274 Sed
249 2206 377 2273 etiamsi
407 2231 510 2293 neque
537 2207 712 2274 inimicitia
727 2208 945 2296 'Apollodoro
958 2222 961 2229 '
974 2230 1049 2273 cum
1071 2206 1130 2275 ad·

59 2308 243 2392 versariis,
273 2334 377 2395 neque
399 2309 545 2375 amicitia
566 2334 680 2377 secum
699 2324 824 2375 etcum
844 2308 974 2374 familia
995 2333 1054 2374 sua
1075 2308 1131 2373 in-

59 2410 279 2493 tercessisset,
312 2435 480 2497 nunquam
495 2425 607 2474 tamen
626 2411 724 2473 illum
743 2408 995 2475 commissurum
1016 2408 1131 2496 luisse,

60 2526 100 2579 ut
121 2510 295 2598 Eupolidis
316 2512 463 2579 familiae
485 2512 571 2576 bona
598 2534 656 2576 sua
677 2511 894 2597 relinqueret:
926 2508 1131 2599 praevidisse

61 2611 156 2681 enim
177 2613 344 2693 futurum,
373 2629 409 2679 ut
431 2613 566 2679 domum
594 2635 688 2687 suam
708 2611 846 2678 interire
866 2610 920 2676 illi
940 2624 1132 2700 peterentur

61 2736 134 2781 non
155 2714 284 2798 minus,
318 2740 416 2801 quam
437 2714 522 2780 alius
550 2713 719 2804 cujusdam
740 2712 959 2800 Apollodori,
992 2711 1131 2801 Eupoli·

64 2815 119 2882 dio
147 2816 228 2898 filii,
266 2815 360 2907 cujus
387 2817 428 2881 ad
458 2815 535 2880 illos
557 2815 720 2881 hereditas
742 2829 957 2901 pervenerat,
994 2813 1131 2880 interire

63 2917 202 2983 domum
227 2918 315 3006 passi
343 2931 464 2983 essent.
519 2917 631 3002 Neque
660 2939 742 2983 vero
773 2916 1003 3003 adoptaturum
1028 2913 1132 2984 luisse

63 3017 211 3104 alique'm
238 3044 282 3083 ex
304 3019 475 3108 Eupolidis
503 3018 633 3083 familia
660 3017 890 3104 potiusquam
917 3041 969 3103 se,
1006 3017 1130 3086 sororis

62 3118 185 3187 lilium.
236 3118 366 3208 Quippe
387 3119 459 3185 illic
479 3142 545 3184 non
565 3120 684 3202 fuisse,
719 3144 799 3205 quos
828 3119 982 3208 adoptare
1010 3134 1131 3210 posset,

63 3220 132 3287 nisi
145 3223 309 3308 'parvulos
326 3223 503 3308 puerulos,
530 3220 586 3306 qui
608 3222 720 3307 quales
738 3220 915 3307 aliquando
938 3219 1007 3288 viri
1027 3220 1131 3287 futuri

64 3336 193 3404 essent,
225 3322 389 3389 incertum
416 3321 534 3402 fuisse3
564 3345 599 3387 se
627 3335 742 3387 contra
769 3345 908 3409 suosque
930 3345 1037 3388 mores
1058 3320 1133 3410 sple-

62 3438 170 3493 ¹etatos
189 3423 397 3509 Apollodoro
416 3422 596 3509 multisque
618 3422 822 3489 documentis
844 3424 998 3509 probatos
1017 3422 1130 3488 luisse.
1174 3448 1179 3457 ·

62 3526 222 3611 Aequum
243 3525 346 3613 igitur
367 3549 437 3591 esse
458 3540 494 3590 nt
508 3524 708 3611 Apollodori
731 3525 770 3588 de
791 3523 972 3589 hereditate
993 3546 1052 3589 sue
1072 3547 1133 3590 vo·

61 3627 178 3692 luntas
209 3627 295 3714 apud
321 3625 446 3717 judices
465 3650 602 3723 ,quoque
629 3627 754 3706 valcet3
795 3648 896 3709 quum
925 3623 1133 3710 praesertim,

63 3726 149 3791 dum
165 3726 314 3811 viveret,
348 3743 380 3794 et
397 3728 521 3792 bonum
536 3727 648 3793 virum
671 3749 705 3790 se
720 3738 753 3790 et
773 3724 890 3790 utilem
911 3722 960 3790 rei
981 3725 1133 3813 publicae

64 3826 175 3893 civem
191 3826 403 3915 praestiterit,
433 3828 504 3919 ipse
523 3826 622 3892 etiam
638 3826 726 3892 filius
748 3824 920 3914 adoptivus
940 3825 1133 3892 muneribus

63 3927 161 4013 suis,
195 3943 353 4015 quantum
380 3950 441 4014 per
471 3942 611 3993 aetatem
640 3926 805 4016 potuerit,
844 3943 975 3993 strenue
1002 3927 1135 3993 functus

64 4028 132 4113 sit;
166 4029 349 4099 adversarii
376 4043 509 4114 contre,
547 4028 584 4095 in
604 4026 790 4098 lautissima
809 4051 846 4095 rc
866 4026 1044 4115 familiari,
1076 4028 1135 4094 de·

895 4129 939 4195 23
