2632 4800
104 313 159 383 ΙΝ
172 308 318 380 ΟΒΑΤ.
339 306 404 376 DE
419 304 736 376 DIGAEOGENIS
755 305 1077 384 HEREDITATE.
1119 311 1188 381 285
1220 302 1226 309 ’

104 496 197 549 trum
224 481 364 548 illorum
392 482 693 559 testamentorum,
712 475 754 541 de
783 477 902 565 quibus
929 502 1029 568 supra
1059 478 1186 551 dictum
1214 544 1218 551 .

105 599 174 667 est,
209 581 352 672 amplios
377 580 491 647 valere
513 591 640 667 posset,
673 601 775 663 quum
801 580 894 667 prius
915 579 1021 662 illud,
1055 582 1142 668 quod
1162 605 1186 653 a

102 685 266 753 Proxeno
293 683 461 773 prolatum
490 679 619 758 suerat,
661 681 702 744 ab
730 679 802 768 ipso
831 679 1044 768 Dicaeogene
1071 683 1184 772 impu·

103 801 246 875 gnatum
268 801 300 850 et
320 783 468 874 judicum
490 780 651 847 sententia
672 779 806 845 irritum
822 781 947 847 sactum
971 798 1066 866 esset,
1099 786 1184 851 alte-

102 913 183 954 rum
204 902 332 968 autem,
364 883 451 973 quod
474 881 701 969 Dicaeogenes
728 882 927 969 protulerat,
960 882 1110 975 Lyconis
1131 898 1183 977 te·
1248 898 1251 904 “

103 988 273 1055 stimonio.
293 988 541 1067 confirmatum,
577 998 658 1049 teste
680 983 836 1048 damnato
866 997 898 1048 et
917 984 1028 1073 ipsum
1058 987 1183 1053 falsum

101 1090 215 1159 videri
235 1090 385 1171 deberet,
419 1087 559 1171 ideoque
585 1085 833 1172 Dicaeogenem
862 1108 931 1150 non
953 1085 1097 1175 amplius
1117 1111 1182 1176 pro

103 1191 261 1280 adoptivo
274 1190 396 1256 veteris
407 1187 500 1254 illius
518 1185 740 1272 Dicaeogenis
752 1184 823 1251 filio
836 1185 1048 1270 habendum,
1070 1187 1183 1253 omni-

102 1316 188 1380 aque
203 1292 302 1381 hujus
321 1292 407 1357 bona
424 1291 464 1354 ad
475 1311 618 1371 sorores,
640 1311 716 1353 suas
733 1292 867 1370 matres,
883 1287 1089 1379 cognationis
1104 1286 1195 1377 juro

102 1395 214 1462 delata
227 1417 315 1460 esse:
347 1393 412 1458 hoc
425 1391 479 1457 illi
494 1403 681 1479 reputantes
705 1388 745 1452 de
766 1388 860 1455 omni
880 1389 1063 1457 hereditate
1084 1389 1181 1459 litem

99 1495 309 1582 Dicaeogeni
334 1493 521 1560 intendunt.
591 1489 658 1555 Hic
691 1490 919 1576 διαμαρτυρίαν
950 1489 1085 1580 opponit
1118 1511 1180 1581 per

98 1597 328 1664 Leocharem:
364 1619 431 1661 non
453 1615 548 1683 posse
576 1591 795 1658 hereditatem
822 1592 864 1656 ab
885 1591 929 1659 iis
950 1592 1040 1681 peti,
1074 1606 1180 1680 quum

98 1700 191 1765 filins
212 1697 302 1764 extet
319 1697 465 1763 defuncti
487 1694 670 1782 adoptivus.
712 1692 912 1782 impugnant
932 1693 1019 1760 hanc
1040 1695 1178 1783 διαμαρ.

98 1801 211 1883 πυρίαν
231 1798 444 1878 consobrini,
471 1797 611 1883 falsique
632 1796 814 1881 testimonii
834 1794 1041 1862 Leocharem
1060 1811 1177 1886 postu·

97 1903 183 1969 lent.
226 1900 303 1970 Jam
323 1902 360 1968 in
380 1902 444 1966 hoc
472 1899 550 1964 falsi
572 1897 754 1965 testimonii
774 1896 920 1990 judicio,
949 1922 1051 1985 quum
1073 1921 1176 1988 appa·
1262 1890 1265 1909 ²

96 2018 189 2070 reret
218 2003 424 2071 Leocharem
452 2002 645 2067 damnatum
661 1999 740 2089 iri,
782 1999 1011 2087 Dicaepgenes
1039 2000 1176 2089 ipseque

95 2103 286 2172 Leochares
313 2105 427 2171 multis
448 2103 601 2192 precibus
622 2102 755 2168 tandem
783 2103 824 2167 ab
846 2102 1047 2195 adversariis
1067 2102 1181 2194 impe·.

95 2221 250 2291 trarunt,
278 2221 316 2272 ut
336 2206 505 2291 suffragiis
525 2205 675 2296 judicum
696 2227 764 2270 non
774 2203 1003 2272 ‘dinumeratis
1025 2205 1175 2294 pacisce-⁶
1247 2246 1251 2254 ,

94 2323 215 2374 rentur
241 2332 353 2375 secum
380 2309 433 2374 his
462 2306 733 2395 condicionibusr
764 2307 923 2389 retineret
943 2307 1173 2395 Dicaeogenes

94 2409 253 2476 trientem
273 2433 391 2495 suum,
427 2412 555 2503 reliquo
577 2407 776 2476 adversariis
797 2409 950 2476 redderet
971 2407 1175 2496 ἀναμφισβή-

93 2534 177 2594 τητα
198 2513 233 2578 h.
247 2535 277 2579 e.
299 2512 406 2578 libera
420 2526 453 2578 et
471 2534 577 2579 vacua
591 2510 741 2597 nullique
762 2509 906 2576 aliorum
927 2513 1173 2581 controversiae

93 2612 254 2680 obnoxia.
309 2613 419 2706 Hujus
449 2612 610 2702 pactionis
637 2611 845 2699 fidejussores
872 2614 956 2677 fiunt
982 2611 1172 2683 Leochares

89 2727 128 2780 et
149 2713 432 2804 Mnesiptolemus.
477 2717 610 2782 Tamen
631 2737 737 2799 neque
758 2712 984 2801 Dicaeogenes
1005 2714 1172 2802 praestitit

89 2838 177 2902 queo
193 2819 411 2905 promiserat,
434 2831 466 2882 et
488 2815 676 2883 Leochares
698 2815 773 2880 talis
795 2839 830 2881 se
852 2815 1013 2903 pactionis
1033 2815 1172 2907 fidejus-

60 2925 64 2931 “
88 2939 203 2984 sorem
223 2919 347 2983 factum
369 2941 438 2984 esse
460 2918 604 3004 negavit,
661 2917 759 2984 Hanc
786 2918 828 2982 ob
850 2939 983 3013 causam
1004 2918 1172 2989 Leochari

88 3019 256 3084 notionem
278 3044 321 3085 ex
342 3020 517 3108 stipulatu,
540 3020 628 3102 δίκην
649 3016 766 3103 ἐγγύης,
788 3018 974 3087 intendunt.
1024 3018 1169 3099 cauam

87 3118 163 3204 agit
182 3144 267 3187 unus
289 3146 307 3186 e
328 3122 553 3205 consobrinis,
582 3121 736 3212 Polyarti
757 3121 859 3187 filius.

178 3218 307 3288 Statum
324 3239 458 3312 apparet
474 3248 543 3290 esse
559 3223 827 3314 conjecturalem.
873 3221 1055 3308 Quaeritur
1076 3224 1168 3294 enim

88 3322 224 3410 pectine·
255 3325 321 3390 sint
348 3324 436 3410 quod
466 3341 558 3391 actor
579 3339 761 3408 asseverat,
798 3325 932 3415 ejusque
958 3326 1009 3406 rei
1029 3325 1168 3413 fidejus·

85 3445 149 3488 sor
168 3424 273 3491 factus
305 3425 348 3491 sit
368 3426 575 3512 Leochares,
610 3451 671 3493 nec
693 3451 747 3495 ne.
790 3426 901 3514 Atque
927 3427 1009 3493 haec
1031 3427 1167 3515 quidem

85 3526 237 3611 quaestio
260 3528 394 3595 brevius
416 3543 586 3597 tractatur.
629 3531 716 3597 Nam
744 3543 876 3618 pactum
897 3528 1000 3594 fuisse
1019 3518 1166 3598 Dicaeo-

83 3648 208 3709 gencm
225 3627 264 3693 de
278 3630 446 3695 reddendo
463 3630 656 3696 hereditatis
669 3633 783 3714 besse,
805 3629 1032 3720 fidejussorem
1054 3645 1166 3701 autem

81 3726 211 3795 factum
221 3728 433 3797 'Leocharem
446 3732 583 3799 testibus
595 3732 763 3822 productis
776 3733 1031 3799 demonstratur.
1063 3730 1164 3818 Quod

82 3841 197 3895 autem
229 3834 431 3899 contendunt
462 3834 645 3909 adversarii
673 3837 798 3901 factum
820 3857 838 3898 a
859 3857 894 3899 se
916 3833 1002 3921 quod
1024 3833 1098 3899 fleri
1119 3857 1164 3903 ex

80 3945 181 4020 pecto
210 3936 411 4023 oportuerit,
442 3935 638 4003 brevissime
665 3935 713 4000 ita
734 3937 775 3999 ab
798 3949 908 4001 actore
936 3934 1161 4021 redarguitur,

81 4047 123 4096 ut
144 4032 290 4101 indicem
319 4037 481 4102 bonorum
503 4061 522 4102 a
542 4039 755 4124 Dicaeogene
782 4036 976 4101 relictorum
995 4036 1161 4126 judicibus

80 4153 264 4223 proponat,
287 4161 384 4224 quem
405 4138 494 4223 illis,
516 4139 546 4205 si
566 4162 684 4207 verum
706 4161 776 4203 esse
797 4152 939 4225 negent,
961 4138 1160 4207 testimoniis

26 4318 33 4333 ἱ
80 4236 323 4335 refutandum,
348 4238 401 4305 sin
428 4241 541 4308 omnia
569 4264 590 4307 e
619 4265 655 4309 se
676 4239 828 4308 restitute
849 4240 1067 4321 contendant,
1094 4242 1160 4310 hoc
