2632 4800
126 238 193 313 420
479 231 530 303 ΙΝ
550 227 834 303 ORATIONEM

126 407 211 475 triae
231 402 372 472 fuissent
385 400 466 471 Cleo
487 415 521 468 et
533 399 754 492 Astyplrilus,
787 398 908 488 quippe
927 399 1050 469 fratres
1062 412 1207 488 patrue·

31 564 34 569 .
125 500 194 593 les}
224 507 285 573 ille
305 520 530 592 tameuqnnm
550 526 612 592 per
629 501 840 590 adoptionem
861 501 897 567 in
914 500 1018 569 alia'm
1037 500 1206 569 familiam

125 606 328 686 transiisset,
355 606 457 675 simul
470 603 798 693 phratriamquoque
819 617 1024 689 mutaverat,
1053 616 1094 669 ut
1116 627 1204 671 nunc

125 708 307 799 ejnslllio,
334 708 366 774 si
384 707 526 795 quidem
544 696 590 772 'ab
611 705 795 795 Astyphilo
823 703 995 792 adoptatus
1016 721 1123 790 esset,
1151 729 1202 771 re·

124 808 323 881 vertendum
344 825 429 875 asset
448 808 485 874 in
506 807 615 885 illam,
643 829 743 893 quam
759 803 840 872 Cleo
861 807 1058 892 reliquerat;
1087 829 1200 894 quam·

125 913 240 980 obrem
271 933 340 976 nou
367 910 404 977 id
431 911 541 977 solum
570 931 705 997 opernm
727 907 855 974 dedisse
879 908 1048 996 putandus
1068 923 1138 988 est,
1166 921 1199 975 ut

14 1046 18 1053 ·
123 1009 354 1081 viscerationis
375 1011 538 1102 particeps
560 1012 670 1094 lieret,
706 1010 888 1077 sedetiam
906 1025 945 1077 ut
963 1009 1196 1087 inscriberetur

104 1114 162 1181 ‘in
181 1114 378 1202 phratorum
400 1114 531 1196 album,
559 1110 596 1176 τὸ
617 1107 722 1176 κοινάν
742 1121 955 1196 γραμματεῖον
960 1136 980 1194 ,·
1001 1133 1195 1199 quamquam

123 1213 223 1308 hujus
238 1213 291 1281 rei
307 1213 429 1281 diserte
439 1212 644 1289 mentionem
656 1226 769 1280 orator
782 1236 852 1281 uon
869 1214 965 1300 fecit,
989 1228 1104 1303 utpote
1119 1234 1195 1299 qnae

123 1339 199 1385 cnm
227 1315 288 1381 illu
316 1316 422 1382 altera
452 1314 639 1382 necessario
670 1313 845 1404 conjunctu
867 1330 963 1387 esset.
1007 1312 1109 1387 conf.
1127 1312 1194 1381 De·

121 1417 245 1485 mosth.
267 1431 328 1483 etr.
351 1416 514 1484 Leochar.
535 1441 570 1505 p.
593 1415 678 1485 1092
697 1431 785 1487 extr.
808 1417 906 1498 1093,
925 1421 982 1487 20.

207 1517 247 1605 ᾗ.
268 1514 326 1586 34.
357 1512 516 1604 Sequitur
542 1516 730 1604 peroratio,
771 1518 874 1586 simul
902 1515 1193 1606 argumentationis

122 1618 229 1708 cupita
258 1617 450 1686 summatim
481 1633 650 1707 repetens,
688 1617 793 1687 simul
822 1621 1020 1709 aequitatem
1051 1620 1195 1712 judicum

122 1735 155 1789 et
186 1720 456 1788 benevolentiam
485 1720 681 1811 implorans.
731 1718 792 1801 Ἐξ
812 1711 856 1789 ὧν
883 1719 1110 1807 ἀντωμόσαμεν
1131 1745 1196 1787 nse·

121 1816 257 1906 ψάμενοι
277 1822 468 1908 ψηφίσασθε
490 1822 526 1890 lu.
550 1846 580 1889 e.
604 1820 637 1886 ἔκ
656 1826 714 1906 τῆς
733 1818 881 1909 ἑκατέρου
902 1823 1123 1910 ἀντωμοσίας,
1151 1826 1194 1889 ito

119 1937 157 1989 ut
166 1923 327 2009 judicium
346 1938 481 1989 vestrum
501 1924 649 2007 άίαξαῖιζι
666 1926 713 1990 ud
728 1950 786 2009 eu,
815 1950 897 2011 quor
916 1928 950 1993 ι’νι
971 1916 1194 2013 άντωμοσίρ

121 2024 163 2090 ud
196 2038 328 2109 utroque
358 2039 495 2090 nostrum
525 2027 690 2111 proposito
724 2040 808 2096 eunt.
862 2028 959 2096 Nihil
994 2028 1194 2116 frequentius

120 2126 184 2195 hac
217 2125 410 2214 loquutione
439 2137 563 2192 σκοπεῖν
592 2151 626 2196 v.
661 2128 845 2209 σκέψασθαι
860 2129 906 2195 Υἔκ
934 2154 1035 2213 τινος,
1054 2130 1192 2206 ¹omisso

121 2227 269 2319 objecto,
303 2228 390 2314 quod
419 2251 463 2294 ex
489 2229 560 2318 ipsa
583 2228 743 2298 orationis
770 2231 932 2299 sententia
954 2232 1055 2299 facile
1076 2232 1192 2299 suban·
1228 2258 1232 2271 ·

1 2325 45 2431 ’,ρ
120 2329 222 2397 ditur.
267 2329 352 2423 Lys.
376 2330 415 2396 de
437 2331 545 2397 effect.
568 2345 637 2424 tyr.
658 2356 694 2421 p.
717 2333 803 2402 771:
839 2330 941 2418 άχρὴ
963 2331 1084 2411 πάντας
1104 2334 1191 2399 ἔνθα·

105 2432 293 2518 ιμουμίνους
323 2430 369 2516 μὴ
401 2441 467 2508 τοῖς
492 2429 612 2525 τοάτιον
639 2431 741 2519 λόγοις
770 2432 940 2517 πιστεύειν,
975 2434 1054 2499 ἀλλὰ
1085 2437 1138 2501 καὶ
1161 2433 1188 2497 le

117 2539 181 2599 τῶν
202 2533 299 2618 ἴργων
321 2543 445 2614 σκοπεῖν
466 2532 486 2597 ἃ
508 2530 629 2624 ἑκάστῳ
649 2532 791 2620 τυγχάνει
811 2537 1019 2624 πεπραγμένα.
1040 2537 1090 2605 ib.
1111 2540 1186 2609 7722

22 2682 27 2689 -
117 2633 161 2703 ἔτι
182 2637 297 2716 τοίνυν,
326 2628 363 2702 ὦ.
385 2633 416 2700 ά.
440 2638 486 2716 ά,
508 2639 560 2701 καί
581 2637 615 2702 ἐκ
638 2642 700 2703 τῶν
721 2637 825 2704 ἄλλων
847 2644 909 2704 τῶν
930 2639 998 2722 ἐμοὶ
1018 2638 1184 2726 πεπραγμί·

106 2762 182 2804 ινων
221 2736 308 2813 άξιον
346 2739 543 2821 σκέψασθαι.
597 2739 757 2831 Thucyd.
787 2739 856 2827 vl,
896 2743 960 2810 36:
998 2741 1055 2807 οὐκ
1093 2743 1125 2819 ἐξ
1148 2733 1183 2806 ὧν

118 2838 208 2905 αὐτοὶ
229 2838 406 2922 ἀγγέλλουσι
428 2846 613 2916 σκοποῦντες
642 2848 791 2927 λογιεῖσθε
812 2843 851 2909 τά
873 2839 986 2909 εἰκότα.
1027 2843 1081 2910 ld.
1103 2842 1131 2928 l,
1151 2842 1181 2906 1:

116 2938 150 3003 ἔκ
172 2940 206 3003 δὲ
226 2941 399 3027 τεκμηρίων
421 2930 465 3007 ὧν
487 2941 535 3006 ἐπί
551 2940 753 3029 μακρότατον
775 2947 942 3011 σκοποῦντί
958 2970 1013 3028 μοι
1034 2949 1181 3010 πιστεῦσαι
1231 2972 1233 2979 ·

115 3041 276 3122 ξυμβαίνοι
301 3079 355 3109 ·-.
387 3043 423 3110 h.
454 3067 484 3109 e.
518 3043 551 3121 ἒξ
581 3037 625 3111 ὧν
656 3053 820 3112 σκοποῦντι
825 3097 842 3130 „
873 3062 910 3114 ut
942 3062 1030 3114 recte
1065 3043 1180 3113 monuit

115 3139 288 3209 Schaefer.
320 3144 360 3207 ad
382 3143 528 3236 Dionys.
558 3146 639 3215 Hal.
668 3150 708 3215 de
738 3174 845 3239 comp.
867 3151 962 3216 verb.
994 3175 1028 3238 p.
1052 3151 1125 3217 ³25.
1145 3181 1179 3197 -

77 3331 81 3336 ι
116 3244 213 3330 Quod
242 3244 390 3331 sequitur
417 3245 490 3323 τούς
518 3245 633 3331 νόμους
660 3249 714 3326 οὓς
741 3249 827 3335 ὑμεῖς
856 3250 971 3317 ἔθεσθε
997 3244 1180 3332 βεβαιώσαιί
1230 3284 1233 3329 q

113 3370 169 3428 μοι
187 3347 391 3412 illustratum
413 3364 460 3413 est
482 3349 523 3414 sd
546 3374 596 3417 or.
620 3352 660 3418 de
681 3354 825 3421 Nicostr.
848 3355 920 3420 her.
945 3354 985 3441 ᾗ,
1007 3356 1063 3421 17.

196 3447 238 3535 §0
251 3448 306 3515 35.
328 3447 402 3512 ἀλλ’
422 3436 507 3530 ’ὑμᾶς
528 3451 642 3530 αὐτοὺς
661 3453 838 3541 βραβευτὰς
859 3452 1005 3520 ἁπάντων
1034 3445 1178 3534 succetri-
1231 3512 1233 3517 .

112 3570 204 3614 curu
248 3545 414 3616 Similiter
434 3551 624 3621 Andocides
650 3556 685 3622 iu
706 3558 820 3625 Alcib.
844 3582 876 3645 p.
899 3556 981 3624 114:
1012 3558 1131 3640 -δίομαι
1148 3551 1177 3616 δ’

111 3646 200 3732 ὑμῶν
223 3657 283 3714 τῶν
305 3649 404 3736 λόγων
436 3651 523 3729 ἴσους
544 3658 596 3719 καί
618 3657 739 3734 κοινοὺς
758 3656 833 3742 ἡμῖν
855 3656 1025 3734 ἐπιστάτας
1044 3659 1179 3744 γενέσθω
1231 3668 1233 3693 ⁵

111 3753 163 3815 καὶ
183 3748 303 3828 πάντας
324 3751 479 3838 ἄρχοντας
498 3757 566 3840 περὶ
586 3751 706 3824 τούτων
726 3767 929 3846 καταστῆναι.
951 3785 1052 3847 quem
1077 3762 1179 3827 locum

109 3853 214 3940 perita
241 3854 424 3923 illustravit
445 3856 598 3926 Luzacus
625 3886 677 3949 ap.
703 3860 842 3930 Sluiter.
865 3864 970 3929 Lectt.
992 3863 1125 3930 Andoc.
1150 3882 1177 3946 p·

106 3955 186 4020 222.
232 3952 370 4021 Scilicet
398 3961 675 4043 quemadmodum
706 3966 748 4029 uh
769 3965 943 4031 Andocide
965 3959 1179 4035 auditoresio

109 4054 269 4122 concione
301 4057 537 4146 admouentur,
565 4079 602 4130 ut
629 4066 961 4154 epistularumtatquo
990 4067 1180 4134 archontum

109 4179 287 4244 personam
310 4184 426 4230 omnes
446 4164 647 4256 stracipiant,
670 4168 716 4235 ita
738 4168 775 4236 iu
796 4168 921 4260 judicio
936 4170 980 4237 ab
994 4167 1090 4237 bueo
1111 4167 1178 4234 bra·

882 4421 885 4427 '
895 4414 902 4460 ί
