2632 4800
161 244 226 314 us
403 270 407 279 ,
455 268 458 275 ι
513 243 562 312 ru
584 240 867 348 oaaurousn

173 409 176 414 ’
247 413 318 481 otte
338 411 578 499 ἀμφισβητῆσαι
593 408 828 497 τετολμήκασιν.
870 407 1008 480 Scilicet
1023 410 1081 500 qui
1102 412 1243 500 διαμσρ·

162 508 272 602 ἧνρίαν
302 514 507 603 interponit,
545 512 576 580 is
611 511 846 601 ἀμφισβήτησιν
876 514 1058 597 detrectare
1090 513 1242 596 videtur,

164 642 267 705 quum
292 615 328 682 id
354 630 452 701 agat,
488 628 527 681 ut
553 614 762 683 adversarios
788 640 809 682 a
829 616 987 707 petitione
1016 638 1156 702 prorsus
1176 639 1244 682 ex-

164 718 287 785 cludat.
332 713 457 783 Contra
478 715 535 802 qui
555 715 750 803 petitionem
770 718 923 805 petitioni
945 716 1102 808 opponit,
1134 716 1165 784 is
1188 715 1244 783 εὖ·

30 852 36 859 ·
164 820 295 907 θνδικίᾳ
323 818 517 904 εἰσέρχεσθαι
548 819 690 904 dieitur,
729 833 763 886 et
798 840 900 909 quum
934 819 1134 887 contendere
1160 842 1243 886 eum

95 920 100 925 ’
139 998 143 1009 Ι
165 918 366 989 adversariis
386 943 421 985 se
438 933 592 1006 paratum
609 921 775 1003 ostendat,
804 944 921 989 caune
941 944 1020 989 snae
1033 920 1142 1008 magis
1157 943 1243 986 eon-

163 1021 266 1090 fidere
286 1021 431 1089 videtur.
485 1018 539 1088 Cf.
561 1023 627 1090 loe.
655 1022 691 1088 in
713 1022 802 1090 libro
824 1022 866 1091 tia
885 1022 960 1091 ord.
990 1022 1061 1115 jud.
1083 1021 1239 1089 laudatos

165 1150 200 1215 p.
222 1123 288 1192 656
309 1136 379 1188 not.
399 1121 454 1190 51.
497 1121 595 1189 Adde
617 1124 657 1190 de
673 1123 832 1214 Apollod.
854 1124 969 1213 laer-ed.
992 1122 1030 1212 §.
1047 1125 1081 1189 3.
1123 1120 1243 1210 ltaque

165 1225 242 1291 falti
260 1222 440 1292 Reiskium
458 1238 611 1313 apparet,
638 1227 697 1315 qni
717 1224 789 1294 οὐδὲ
808 1225 848 1293 in
867 1222 905 1293 oti
924 1222 1023 1310 μόνον
1042 1224 1244 1293 mutandum

167 1325 306 1394 censuit.

107 1478 112 1501 ,-
252 1426 291 1516 §.
313 1424 367 1495 46.
397 1424 483 1504 ὅστις
509 1426 609 1513 εἰληχε
637 1428 695 1513 μὲν
726 1428 814 1522 αὑτῷ
834 1469 887 1497 -.
919 1428 974 1498 De
995 1428 1088 1497 omni
1116 1429 1184 1496 hae
1203 1453 1244 1497 re

166 1529 237 1600 vid.
258 1552 341 1615 quae
362 1527 449 1595 dieta
471 1542 547 1596 suut
567 1531 606 1597 in
625 1533 809 1618 prooemio.

253 1630 290 1718 ξ.
312 1627 368 1698 47.
401 1626 482 1705 olai
510 1629 607 1715 νόμος
625 1634 804 1720 γέγραπται.
846 1633 892 1702 Η.
915 1657 946 1702 e.
968 1629 1012 1710 ὥς
1032 1631 1065 1696 ἓν
1086 1632 1131 1719 τῷ
1152 1629 1246 1722 νόμῳ

159 1732 348 1823 γέγραπται.
390 1730 479 1799 Nam
498 1734 667 1822 passivum
689 1737 774 1820 hoe,
802 1758 871 1803 nou
891 1735 1060 1814 melium,
1089 1756 1161 1801 esse
1183 1760 1247 1825 ap-

168 1851 273 1923 paret.
301 1872 346 1907 -,-
375 1830 430 1901 De
457 1832 528 1922 ipsa
557 1837 632 1922 lege
659 1836 730 1904 vid.
759 1838 908 1904 Bursen.
936 1859 970 1924 p.
1004 1838 1058 1904 15.
1087 1834 1257 1907 Platean·
1293 1885 1301 1902 .

169 1933 327 2028 Symbol.
358 1959 392 2024 p.
415 1933 489 2002 114.
514 1935 657 2005 (leuel
686 1962 721 2026 p.
742 1939 819 2007 313.
865 1938 1035 2024 Ἅγχιστείσ
1065 1943 1128 2003 τῶν
1151 1938 1248 2023 ἱερῶν

168 2037 312 2128 pertinet
343 2035 384 2101 ad
411 2039 681 2106 communionem
711 2064 881 2108 sacrorum
908 2041 1156 2135 privatorum,¹
1179 2047 1272 2108 τῶν·

168 2137 326 2227 πατρῴων
353 2135 443 2223 ἱερῶν
448 2185 459 2219 ,
496 2138 652 2224 ἀγχιστεία
673 2147 735 2209 τῶν
763 2138 858 2210 ὁσίων
878 2143 920 2214 ad
942 2141 1186 2211 successionem
1205 2143 1248 2212 in

169 2243 265 2311 bona.
279 2254 427 2332 paterna.
850 2260 853 2264 ’
1197 2322 1204 2340 .

242 2340 482 2431 ’Ἀνδροκλείδης
502 2344 538 2410 δὲ
556 2384 612 2415 -.
642 2345 714 2415 Vix
733 2348 820 2417 milti
841 2347 1046 2437 temperavi,
1076 2347 1159 2436 quin
1177 2344 1246 2414 Ἅν-

171 2447 303 2534 δροκλῆς
323 2468 530 2545 reponerem.
552 2442 729 2520 *Eundem
746 2450 836 2518 euim
858 2452 947 2518 hune
969 2474 1056 2531 esse,
1079 2449 1138 2537 qui
1158 2450 1246 2519 alias

169 2548 208 2618 in
228 2551 291 2619 hae
311 2557 461 2624 oratione
481 2564 614 2639 'semper
634 2552 819 2621 Androcles
839 2568 997 2638 vocatur,
1027 2551 1247 2621 manifestum

171 2669 238 2734 est,
277 2681 383 2746 nequa
402 2640 549 2742 unquam
575 2654 768 2744 persuaderi
789 2655 875 2721 mihi
896 2655 1025 2743 patiar,
1062 2668 1119 2719 aut
1139 2655 1245 2742 vulgo

172 2759 259 2847 apud
281 2775 410 2827 veteres
431 2756 616 2824 factitatum
638 2780 720 2840 esse,
751 2773 808 2823 aut
828 2759 870 2824 ab
893 2772 1025 2824 oratore
1046 2778 1125 2822 easu
1145 2772 1247 2844 atque

171 2858 300 2927 incuria
316 2860 391 2928 fleri
401 2856 556 2948 'potuisse
565 2903 578 2939 ,
608 2857 750 2925 utilem
774 2859 876 2926 homo
891 2873 924 2926 et
939 2856 1110 2946 primitiva
1128 2873 1161 2924 et
1184 2882 1247 2949 pag

171 2963 358 3053 tronymica
375 2961 520 3028 nominis
532 2960 641 3026 forma
653 2960 839 3050 promiscue
853 2962 1087 3048 appellaretur.
1112 2958 1246 3045 Quam·
1294 3038 1301 3065 1

77 3074 80 3079 “
171 3086 272 3149 quam
298 3062 481 3156 permutari
509 3063 570 3128 hes
599 3062 725 3130 formas
759 3063 969 3151 saepissime,
1005 3061 1079 3149 quis
1110 3076 1160 3127 est
1189 3060 1249 3151 qui

132 3166 138 3174 '
171 3165 313 3249 neseiat,
353 3177 428 3252 post
453 3179 501 3229 tot
527 3167 682 3251 exempla
712 3189 732 3230 a
760 3165 844 3232 viris
867 3163 1064 3230 doctissimis
1092 3163 1249 3231 certatim

61 3314 85 3347 ,
172 3270 350 3353 congesta?
374 3265 453 3333 Vid.
470 3265 701 3333 Hemsterhus.
720 3267 760 3332 ad
771 3267 947 3353 Aristoph.
957 3265 1104 3333 Plutum.
1121 3263 1244 3355 93²⁵·

171 3367 355 3437 Ruhnken.
375 3367 454 3435 hist.
474 3366 549 3434 erit.
565 3366 610 3434 Ο.
622 3367 664 3434 G.
679 3393 712 3456 p.
724 3369 797 3436 165.
817 3369 942 3456 aliique
957 3390 1011 3454 ap.
1027 3366 1250 3434 Matthiaenm

172 3493 225 3558 gr.
250 3470 310 3538 Gr.
326 3470 350 3536 -1
370 3496 403 3560 p.
426 3469 501 3552 215,
524 3467 644 3556 quibus
666 3468 741 3536 add.
757 3469 896 3538 Passov.
919 3469 957 3535 in
978 3467 1136 3536 Seebodii
1154 3469 1248 3535 libro

172 3566 305 3640 Archiv
331 3573 357 3638 1.
387 3569 512 3638 Philol.
541 3594 577 3639 u.
606 3568 751 3656 Paedag.
782 3594 813 3639 a.
837 3569 923 3639 1824
948 3572 1030 3638 fase.
1059 3571 1081 3636 2
1111 3594 1145 3659 p.
1168 3570 1248 3641 ³69.

108 3694 114 3711 ²
174 3667 258 3757 Set,
289 3673 426 3761 opinor,
454 3685 685 3758 permutantur
706 3687 763 3738 aut
784 3697 804 3738 a
824 3672 950 3759 poetis,
979 3694 1097 3740 versus
1125 3671 1250 3758 gratia,

100 3808 102 3813 ⁴
175 3789 233 3839 aut
260 3775 301 3839 ab
328 3775 404 3840 aliis
435 3773 654 3859 scriptoribus
683 3774 864 3841 memoriae
890 3774 1006 3863 lapsu3
1039 3796 1145 3860 neque
1168 3794 1249 3839 rara

174 3889 252 3942 sunt
272 3877 442 3963 exempla,
477 3875 515 3940 in
535 3873 654 3962 quibus
673 3875 762 3941 hane
782 3875 1058 3964 permutationem
1086 3874 1252 3941 librario·

42 3982 47 3991 '
174 3996 252 4040 rum
265 3977 382 4062 eulpae
401 3970 631 4062 imputandam
644 4000 715 4043 esse
737 3988 894 4066 apparet;
922 4000 1005 4064 quae
1020 3974 1156 4062 quidem
1178 3976 1252 4042 sin·

175 4075 316 4160 gulatim
333 4076 487 4163 persequi
497 4099 566 4142 non
583 4093 637 4175 est
651 4077 751 4168 hujus
766 4079 844 4146 loci.
887 4076 1120 4144 Foertsehinm
1136 4084 1253 4145 anteit

176 4175 214 4243 iu
234 4198 356 4246 comm.
378 4176 453 4245 crit.
475 4178 517 4246 de
537 4176 621 4270 Lys.
651 4179 881 4287 etxDemosth.
903 4203 939 4273 p.
960 4176 1022 4262 34,
1043 4192 1082 4247 ut
1100 4179 1251 4265 Νικομα-
