2632 4800
152 241 220 309 43⁰
247 270 251 277 ·
515 236 565 309 IN
585 233 868 312 ottarlottstt

152 423 229 499 post
241 405 424 499 Gyronidis
439 404 651 499 adoptionem
661 455 673 494 ,
695 409 917 479 Democharis
932 426 964 480 et
985 384 1136 483 alterius.
1148 414 1235 484 filiae

153 526 298 578 mortem
319 510 356 576 in
384 509 479 577 illius
500 511 600 577 domo
621 528 843 596 remanserat,
875 529 909 581 et
929 515 984 582 cui
1005 531 1075 583 tota
1096 518 1232 589 heredi·

24 618 29 624 '
149 627 204 687 ,tas
223 610 293 703 jem
314 610 440 678 dudum
471 611 581 679 debita
608 612 728 679 fueret.
771 612 862 681 Petit
882 629 992 682 autem
1012 607 1232 686 hereditatem

57 738 60 744 ·
154 711 256 779 matri
282 736 361 778 suae
387 727 425 779 nt
446 712 638 780 Aristarchi
666 714 760 782 illius
781 715 925 804 majoris
954 718 1063 806 filiae,
1100 743 1172 788 non
1196 737 1230 787 ut

154 815 297 884 minoris
328 837 388 901 per
409 814 621 902 adoptionem
642 812 772 899 sorori,
807 840 1007 905 quamquam
1028 819 1065 888 in
1085 819 1230 888 anacrisi

154 920 245 986 hunc
261 915 430 1006 petitionis
444 940 522 982 snae
537 914 671 982 titulum
686 916 835 1005 profiteri
851 934 982 988 coactns
997 936 1089 1005 erat,
1113 922 1227 1013 qnippe

155 1044 258 1109 quum
288 1018 500 1105 adoptionem
527 1017 624 1084 illam
645 1018 833 1085 rescindere
854 1020 945 1110 prius
967 1046 1037 1089 non
1058 1025 1224 1113 potuisset.

229 1119 338 1205 lgitur
360 1121 422 1186 hoc
435 1118 585 1208 *primunt
601 1118 804 1185 demonstrat
811 1165 824 1199 ,
847 1145 949 1207 quum
964 1122 1154 1214 Gyronides
1172 1148 1226 1215 per

155 1222 367 1313 adoptionem
393 1219 431 1285 in
460 1219 721 1286 aliamrdomum
745 1222 931 1289 transiisset
951 1249 1053 1312 eoque
1074 1241 1227 1313 paternae
1270 1240 1274 1269 ³

2 1327 20 1399 ’,
155 1325 350 1396 hereditatis
376 1321 555 1412 capiendae
583 1320 636 1413 jus
658 1321 843 1408 amisisset,
873 1325 1101 1421 Demochares
1122 1344 1227 1395 antem

156 1445 190 1498 et
210 1412 315 1495 altera
335 1422 407 1490 lilia
425 1422 583 1512 improles
597 1414 775 1508 obiissentj
805 1414 919 1491 omitia
936 1427 1127 1496 Aristarchi
1148 1431 1228 1511 hona

156 1532 232 1626 jure
252 1544 285 1595 et
304 1525 435 1614 legibus
457 1524 498 1590 ad
519 1539 661 1592 matrem
687 1548 783 1592 suam
802 1513 1006 1617 pervenisse.
1048 1528 1227 1623 Gyronidis

158 1648 269 1700 autem
289 1629 397 1696 filium
419 1642 534 1693 contra
555 1624 607 1717 ins
628 1648 689 1713 per
709 1627 918 1716 adoptionem
939 1631 1096 1699 heredem
1118 1658 1229 1701 eornm

157 1736 283 1803 lactum
305 1753 394 1798 esset
433 1752 540 1815 neque
562 1727 714 1795 animab
741 1728 815 1819 ipso
836 1731 1034 1800 Aristarcho
1055 1758 1115 1822 per
1137 1751 1229 1803 testr-

158 1826 308 1909 lnontum
330 1830 480 1920 adoptari
506 1830 669 1917 potuisse,
700 1853 803 1916 qnnm
828 1830 939 1900 filium
964 1833 1023 1901 hic
1042 1834 1229 1904 Democha-

159 1962 233 2012 rem
253 1934 464 2026 superstitem
485 1931 678 2020 reliquerit,
704 1956 814 2019 noque
828 1948 944 2023 postea
967 1936 1008 2002 ah
1030 1936 1095 2003 hoc
1109 1938 1230 2005 Demo·

161 2045 282 2118 chare,
310 2035 430 2125 quippe
451 2034 508 2120 qui
530 2049 605 2100 ante
625 2035 832 2122 pubertatem
851 2035 972 2102 obierit
998 2036 1140 2125 ideoque
1161 2041 1230 2106 nul·

11 2232 14 2241 Ι
114 2202 120 2215 ,
160 2149 234 2214 lum
253 2137 395 2208 testandi
415 2135 469 2224 jus
490 2134 655 2202 hahuerit.
699 2135 812 2224 Neque
831 2148 912 2205 vero
931 2137 1141 2229 Gyronidem
1154 2140 1229 2209 Ari·

160 2238 319 2326 starcho‚·
340 2238 522 2330 petriano,
543 2236 651 2303 filium
666 2230 838 2305 instituere
858 2240 1004 2329 potuisse
1023 2257 1229 2331 posteaquam

161 2368 222 2442 per
249 2341 460 2432 adoptionem
475 2334 526 2405 =in
557 2339 657 2406 aliam
679 2339 843 2410 familiam
864 2343 1051 2428 transierit,
1083 2345 1143 2411 sed
1164 2362 1229 2411 tan·

159 2467 240 2520 turn-
255 2444 321 2538 ipsi
340 2445 377 2510 in
398 2456 571 2532 paternam
593 2441 872 2510 domum-reverti
893 2443 1046 2529 licuisse,
1079 2446 1110 2512 si
1132 2447 1228 2513 filium
1263 2426 1274 2547 1

135 2602 138 2607 »
160 2572 208 2621 'ex
229 2575 264 2619 se
286 2560 400 2614 natam
422 2543 458 2609 in
472 2542 626 2632 adoptive
645 2545 744 2610 domo
759 2524 968 2631 reliquissel3
999 2549 1107 2615 multo
1129 2564 1227 2614 antem

104 2718 115 2748 ,
161 2655 274 2724 minus
294 2648 380 2716 illud
403 2645 445 2712 ab
466 2645 681 2712 Aristomene
703 2661 735 2711 et
754 2645 964 2734 Apollodoro
984 2648 1057 2713 lieri
1080 2649 1226 2736 potuisse,

162 2755 283 2845 quippe
300 2746 490 2839 ,quibus-nil
514 2746 581 2812 nisi
600 2747 908 2833 filiaquristarchi
928 2747 965 2815 in
985 2750 1227 2818 matrimonium
1253 2828 1258 2837 .

161 2873 274 2949 petere
293 2849 439 2918 licuerit.

249 2954 347 3042 Quod
362 2965 474 3018 antem
484 2948 584 3017 etiarn
596 2948 657 3015 illo
672 2964 867 3037 argumento
885 2951 1071 3019 adversarii
1087 2952 1140 3020 sisi
1160 2949 1226 3034 sint,

161 3075 201 3126 ut
226 3042 375 3124 dicer'ent
393 3051 586 3119 Aristarchi
614 3051 702 3117 bona
722 3052 877 3118 obaerata
903 3052 1005 3123 inisse
1028 3069 1060 3120 et
1081 3079 1102 3120 a
1124 3079 1158 3122 ae
1177 3074 1242 3120 sna*

162 3159 303 3254 pecunia
332 3155 495 3238 liberate,
526 3153 561 3218 id
588 3159 737 3242 prorsus
753 3156 865 3220 lictum
885 3178 955 3221 esse
975 3157 1033 3223 vel
1052 3180 1099 3227 cx
1120 3181 1158 3224 eo
1176 3178 1228 3242 pt·

138 3294 141 3313 ³
164 3277 251 3346 tere,
265 3258 367 3347 ¹quod
388 3278 487 3322 nemo
509 3277 608 3321 sanus
628 3253 666 3319 in
682 3255 872 3321 obaeratam
886 3257 1023 3325 domum
1043 3259 1154 3325 lilium
1174 3254 1228 3322 sli-

165 3386 263 3451 quem
285 3384 330 3427 ex
358 3358 428 3425 suis
449 3355 620 3439 instituat,
659 3356 715 3422 sed
736 3356 773 3422 id
794 3358 904 3446 potius
922 3354 1039 3425 'omnes
1061 3359 1227 3448 providere

54 3450 59 3472 ι
164 3466 316 3542 soleant,
333 3460 401 3540 nt,
430 3458 460 3525 si
482 3458 547 3547 ipsi
568 3457 716 3524 obaerati
737 3458 821 3542 sint,
855 3460 919 3526 filii
940 3459 992 3527 sni
1013 3460 1050 3526 in
1074 3461 1158 3528 alias
1178 3460 1228 3525 do·
1263 3461 1266 3469 ’

163 3588 239 3632 mus
253 3563 468 3650 adoptentur,
496 3583 537 3623 ne
561 3575 776 3646 paternorum
797 3563 964 3627 malornm
984 3563 1125 3636 heredes
1146 3566 1228 3629 fiant.

248 3664 363 3752 Neque
382 3686 464 3731 vero
485 3660 568 3727 illud
592 3677 707 3727 contra
728 3660 781 3752 jus
804 3686 910 3729 suum*
924 3662 1106 3750 quidquam
1127 3666 1230 3732 valere

69 3826 72 3831 Α
164 3791 280 3859 posse,
316 3765 404 3852 quod
425 3779 495 3830 tam
525 3765 626 3850 longo
659 3777 808 3851 tempore
827 3766 1049 3854 praeterlapao
1071 3766 1231 3833 heredita·

163 3885 232 3936 tem
253 3867 370 3934 matris
395 3881 496 3955 petat.
538 3865 626 3933 Nam
654 3880 783 3954 patrem
804 3889 901 3932 sunm
923 3865 1025 3947 olim,
1059 3892 1163 3954 quum
1181 3888 1230 3953 pe·

164 3986 234 4037 tere
254 3971 372 4045 vellet,
402 3966 596 4033 deterritum
618 3990 688 4033 esse
709 3966 751 4031 ab
772 3966 991 4052 adversariis,
1022 3969 1083 4055 qui
1104 3968 1231 4035 minita·

165 4087 282 4137 rentur
289 4116 300 4154 ‚
322 4068 390 4134 nisi
403 4068 463 4134 ille
479 4068 553 4134 dote
564 4068 681 4134 uxoris
703 4081 876 4135 contentus
897 4084 998 4154 esset,
1029 4093 1066 4137 se
1085 4069 1161 4162 jure
1182 4088 1232 4136 sno

165 4194 284 4240 usuros
297 4171 452 4261 ipsosque
465 4192 539 4238 eam
557 4169 595 4237 in
607 4169 857 4237 matrimonium
868 4170 1031 4297 petituroq
1044 4195 1130 4242 esse.
1170 4170 1231 4239 Dr·
