2632 4800
226 288 232 297 ’
352 266 416 333 DE
438 262 624 335 claouls
644 265 967 379 flnaool'rsnu.
1113 272 1200 337 ‘aot
1277 352 1280 357 .

113 430 290 505 Devarius
311 461 345 524 p.
368 436 445 517 239,
473 449 505 500 et
525 458 656 525 semper
675 434 711 522 id
733 433 820 522 qnod
841 456 879 501 ra
899 459 981 508 vera
1003 436 1128 505 iactum
1149 452 1198 504 est

116 536 261 627 opponit
287 535 319 602 ei
339 536 433 623 'qnod
460 536 534 603 fieri
562 551 690 624 poteret
715 538 772 606 vel
800 535 951 617 debebat.
984 540 1061 614 1Εἰς
1086 539 1127 605 ἕω
1149 556 1196 606 est

72 676 76 682 ·
117 662 196 705 crue
206 661 317 720 utone3
344 639 387 715 εἷς
404 637 569 721 ἐρχομένην
579 635 699 723 ἡμέραν
715 637 859 728 explicat
871 636 1085 726 Harpocran,
1107 642 1196 728 hunc

117 739 235 828 ipsum
255 741 367 805 locum
387 739 506 817 citans.

206 841 246 929 f.
268 841 324 908 26.
354 838 444 906 οὐδὲν
470 839 531 928 γὰρ
559 839 667 925 ὅμοιον
695 832 735 925 ἦν
754 868 809 925 μοι
830 841 908 925 πρὸς
927 845 1049 909 τοῦτον.
1091 841 1139 910 Η.
1163 869 1196 911 e..

118 966 184 1027 son
210 943 321 1008 ecdem
347 944 426 1008 miti
444 944 591 1008 adversus
616 943 700 1009 donc
718 946 803 1011 ratio
824 957 895 1009 erat
914 942 988 1011 scil.
1012 967 1094 1031 quae
1116 945 1195 1012 huic

117 1044 279 1139 aduersus
307 1068 372 1112 me.
415 1040 455 1110 Id
478 1044 641 1131 quomodo
669 1045 923 1133 intelligendum
944 1044 1007 1127 sit,
1040 1044 1196 1137 proxima

94 1146 224 1233 ‚verbs
253 1145 432 1214 declarant.
478 1144 596 1212 Videri
623 1145 729 1231 igitur
754 1147 859 1237 possit
889 1148 957 1230 ἐμοὶ
978 1146 1088 1237 potius
1110 1148 1194 1215 scri.

118 1247 267 1313 bendum
298 1248 401 1314 fuisse
431 1248 470 1313 sd
501 1246 743 1334 oppositionem
764 1248 960 1332 notandam3
994 1249 1052 1315 sed
1074 1249 1137 1314 hac
1157 1249 1194 1315 in
1301 1256 1304 1260 ’

76 1400 80 1407 .
118 1372 159 1415 re
178 1348 290 1417 minus
307 1373 544 1435 nonnunquam
562 1346 737 1434 diligentes
749 1367 876 1417 veteres
892 1349 1069 1438 scriptores
1091 1351 1194 1418 fuisse

119 1458 258 1517 constat.
310 1450 391 1518 Vid.
414 1450 601 1518 Bernhard.
624 1448 772 1544 Syntex.
803 1477 838 1541 p.
860 1450 937 1522 274.
959 1453 1036 1531 275.
1079 1451 1193 1538 ltaque

67 1566 70 1571 '
118 1552 221 1619 etism
248 1554 361 1641 paullo
389 1553 477 1619 infre
499 1553 637 1619 retineri
666 1554 774 1643 potuit
793 1569 889 1621 vetus
909 1554 1072 1643 scriptura
1091 1549 1194 1642 τούτῳ

117 1653 157 1719 δέ
184 1652 223 1736 μ’
254 1653 291 1719 οὐ
321 1661 472 1740 προσῆκεν
503 1656 576 1736 ἐᾶν,
614 1671 645 1722 et
671 1655 901 1739 retinuissem,
940 1656 970 1722 si
998 1654 1194 1722 Bekkernm

69 1746 241 1842 ‘'absque
263 1757 416 1824 codicum
437 1757 629 1824 auctoritate
650 1755 683 1823 δ’
705 1757 756 1842 ἔμ’
779 1755 816 1824 οὗ
831 1796 874 1808 -
894 1756 1079 1846 reposuisse
1101 1781 1193 1823 com-

67 1900 69 1909 =
114 1872 247 1948 partum
263 1859 433 1926 haberem.
477 1858 574 1924 Nunc
589 1862 692 1926 semel
707 1875 873 1949 receptum
887 1860 1065 1925 exturbare
1085 1859 1191 1926 nolui.
1287 1890 1289 1895 ¹

205 1958 242 2047 ᾖ.
260 1963 315 2027 27.
338 1960 388 2023 ἐπὶ
408 1966 464 2026 τοῦ
484 1958 656 2044 μνήματος.
700 1959 858 2028 Veterem
878 1961 1054 2028 lectionem
1071 1958 1120 2024 ini
1136 1964 1192 2029 coo

95 2058 261 2145 -βήματος
283 2077 472 2150 corruptam
500 2087 569 2130 esse
592 2080 736 2154 apparet.
781 2063 970 2148 Quemnam
992 2062 1082 2129 enim
1102 2063 1192 2129 hnnc

73 2212 77 2217 -
113 2178 309 2248 suggestum
339 2163 440 2231 foisse
462 2165 705 2250 cogitabimus?
735 2166 792 2232 An
814 2166 900 2231 forte
919 2165 957 2231 in
977 2162 1192 2253 magistratus
1271 2237 1273 2240 ,

114 2264 248 2352 ἆρχείῳ,
279 2289 380 2351 quum
403 2264 564 2351 ἀνάκρισις
584 2270 758 2353 ageretur?
790 2264 856 2335 Sed
881 2291 986 2354 neque
1006 2265 1043 2332 in
1064 2265 1192 2352 ἀνακρί-

114 2389 163 2439 σει
192 2390 339 2453 unquam
370 2367 539 2458 litigantes
570 2366 607 2433 in
639 2384 796 2455 suggestu
817 2368 1001 2436 constitisse
1022 2367 1191 2452 novimus,
1229 2424 1233 2431 .

113 2491 223 2554 neque
244 2492 303 2556 per
324 2492 359 2535 se
380 2469 539 2534 credibile
558 2483 623 2548 est,
650 2470 715 2534 hoc
735 2484 805 2535 tum
822 2469 955 2535 demum
976 2484 1086 2535 sctum
1108 2493 1190 2554 esse,

67 2560 71 2569 ¹
112 2569 182 2637 lite>
196 2567 265 2659 jam
285 2570 440 2635 inchoata
463 2584 494 2635 et
513 2569 629 2635 libello
645 2569 814 2658 petitionis
830 2570 951 2638 delato.
992 2568 1107 2656 Itaque
1122 2595 1192 2637 non
1246 2642 1249 2649 .

113 2668 269 2736 dubitavi
294 2668 471 2755 μνήματος’
488 2670 667 2756 corrigere.
696 2669 759 2762 'ln
788 2672 924 2756 funere,
964 2671 1049 2759 opud
1080 2669 1191 2759 ipsum

113 2773 327 2858 sepulcrum,
362 2788 455 2839 actor
486 2774 527 2839 de
548 2771 669 2853 Diocle
700 2786 898 2859 conquestus
925 2787 985 2840 est.
1044 2770 1101 2838 De
1127 2773 1192 2841 hoc

114 2894 179 2941 usu
207 2874 462 2963 praepositionis
491 2875 541 2939 ini
564 2874 815 2963 cumgenitivo
842 2874 933 2956 vid..
964 2872 995 2941 si
1021 2875 1105 2940 tanti
1128 2888 1189 2958 est,

112 2974 309 3063 Matth.*gr.
332 2976 391 3043 Gr.
414 3000 447 3064 p.
471 2976 566 3043 1162.
618 2992 622 3011 ’
655 2964 658 2969 ’
1233 2963 1236 2969 ’

203 3075 240 3164 ᾖ.
262 3078 318 3145 28.
347 3073 447 3143 πόθεν
471 3076 536 3163 χρὴ
564 3074 764 3143 πιστεύεσθαι
791 3075 830 3141 τὰ
852 3076 995 3162 εἰρημένα
1023 3082 1089 3143 κτλ.
1133 3072 1190 3144 Si·

112 3177 298 3245 millimum
320 3178 418 3268 hujus
432 3180 538 3246 nostri
557 3181 667 3247 locum
689 3193 721 3246 et
733 3178 940 3269 paucissimis
963 3194 1091 3246 tentum
1111 3203 1190 3245 ver·

113 3279 168 3347 bis
190 3273 431 3369 discrepantem
460 3306 504 3347 ex
524 3281 591 3348 slis
613 3282 754 3368 quadem
775 3281 860 3349 isaei
881 3281 1031 3350 oratione
1052 3304 1113 3369 pro
1135 3296 1189 3347 tu·

114 3398 207 3460 tore,
243 3397 282 3449 ut
301 3383 458 3462 videtur,
499 3384 682 3472 conscripta
704 3383 782 3451 citat
803 3382 991 3476 Dionysius
1012 3382 1187 3459 Halicarn.

113 3498 196 3550 tom.
220 3476 307 3572 Vp.
322 3486 398 3550 606.
422 3485 466 3552 Ο.
487 3485 528 3551 G.
550 3483 618 3552 Vll
639 3511 672 3574 p.
689 3486 765 3558 328.
791 3509 892 3573 eaque
911 3483 1095 3552 similitudo
1108 3482 1190 3549 Rei·

112 3584 228 3651 skium
250 3601 283 3651 et
302 3585 499 3653 Bekkerum
520 3586 675 3671 induxit,
702 3604 739 3652 ut
758 3611 884 3654 errasse
906 3585 1111 3678 Dionysium
1132 3609 1188 3651 sn·
1272 3600 1274 3604 ’

113 3684 321 3772 spicarentnr
350 3705 382 3753 et
406 3689 602 3754 memoriter
625 3688 783 3756 citantem
807 3689 895 3756 hunc
919 3688 1029 3777 ipsum
1055 3702 1189 3753 nostrae

114 3786 279 3855 orationis
298 3790 409 3856 locum
427 3815 501 3856 cum
525 3791 611 3858 alius
631 3790 790 3858 orationis
806 3791 994 3879 fragmento
1014 3812 1188 3879 perperam

113 3890 350 3978 composuisse.
394 3890 507 3978 ltaque
528 3892 704 3958 inserendo
727 3916 855 3980 quoque
872 3893 955 3958 huic
975 3892 1049 3958 loco
1072 3889 1188 3957 eDio·

114 3988 216 4081 nysio
228 4007 384 4079 putarunt
399 3996 502 4060 verba
523 3993 600 4079 πρὸς
621 3999 722 4073 θεῶν,
749 4018 833 4079 qnae
845 3994 957 4061 nullus
978 3992 1065 4060 Isaci
1082 3993 1197 4065 codex,

115 4093 287 4177 agnoseit,
320 4107 352 4159 et
378 4091 557 4161 Bekkeros
587 4097 624 4172 in
654 4095 848 4183 fragmentis
876 4121 910 4185 p.
933 4093 997 4160 143
1016 4095 1188 4181 geminum

114 4193 217 4261 iilum
242 4196 354 4262 locum
376 4197 474 4283 plane
495 4196 619 4273 omisit.
665 4194 816 4282 locante,
850 4220 925 4264 meo
946 4196 1081 4284 quidem
1103 4196 1192 4287 jndi-
