2632 4800
257 305 341 375 -nn
360 242 675 378 oromoounrs
696 266 1048 385 anonumum·
1116 315 1182 384 ιιι
1287 390 1289 395 ,

106 474 247 563 quidem
269 500 330 565 ego
353 477 477 561 eciam,
509 477 599 544 haud
621 461 722 548 extat.
744 516 786 532 -··
818 478 873 547 De
893 480 1087 570 loquutione
1105 470 1183 566 ῥαδ-

107 583 225 646 reoda:
245 584 285 666 τῇ
304 577 386 664 λήξει
406 579 449 648 cf.
474 579 514 644 ad
536 603 586 645 or.
610 578 650 645 de
672 578 813 647 Menecl.
835 582 908 649 her.
936 582 974 670 ᾗ.
996 584 1052 654 26.

197 680 237 768 §0
264 681 298 749 8.
343 675 556 763 ἠδικήθημεν,
589 679 645 762 οὐχ
672 677 733 746 dud
762 685 826 746 τῶν
847 676 1000 749 concordo
1018 721 1072 751 —-.
1096 681 1183 753 Gum
1288 733 1296 762 ,

107 780 228 849 eadem
259 796 355 849 cauta
382 781 584 851 verecundia
614 781 655 849 de
682 781 806 873 injusta
843 782 991 875 judicum
1021 786 1184 853 sententia

106 883 287 1008 loquitur
286 882 387 949 etiam
417 898 531 949 auctor
563 898 647 950 orat.
675 884 713 950 in
733 883 852 950 Neaer.
874 908 908 973 p
931 883 1049 951 1347·
1037 911 1107 954 ιιι.ι
1136 891 1183 975 τῷ

107 968 168 1052 otia
187 981 419 1067 ἰξιιιιαιῆσιιιτι
432 988 478 1070 τῷ
499 981 580 1074 λόγῳ
596 983 670 1061 τοὺς
690 984 839 1061 δικαστὰς
855 986 975 1052 δίκαιον
995 984 1181 1114 δργδζεσθυιι,

107 1083 149 1161 οδ
168 1094 235 1163 τοῖς
256 1086 486 1170 ἔξαιιαιηθιῖσι.

198 1187 237 1277 ἦ.
260 1188 313 1254 10.
356 1184 476 1253 τούτων
502 1211 536 1253 τε
563 1186 631 1273 ἅμα
660 1189 712 1254 καὶ
739 1188 901 1275 ἐπίτροπος
927 1190 979 1255 καὶ
1005 1184 1108 1277 triplos
1126 1227 1181 1258 —.

109 1288 214 1359 Recte
242 1288 401 1357 Reiokins
430 1288 471 1355 ad
501 1290 590 1373 lot
619 1305 651 1357 et
671 1291 848 1359 Platnerus
869 1292 910 1358 de
930 1291 983 1359 lit.
1006 1306 1038 1357 et
1060 1306 1123 1359 act.
1145 1290 1183 1359 ll

81 1448 84 1453 .
108 1416 147 1483 p.
167 1392 234 1459 276
261 1386 366 1476 κύριοι
390 1390 600 1480 potissimum
626 1391 824 1477 mulierum,
852 1392 1015 1480 ἔιιιίροιιοι
1036 1393 1184 1483 pupillo·

70 1550 79 1563 a
110 1516 190 1560 rum
222 1508 370 1583 respectu
398 1491 465 1558 dici
491 1506 654 1576 statuunt3
686 1518 885 1581 quemquam
913 1494 1012 1560 etiam
1039 1495 1185 1584 pupillo·

112 1618 190 1662 rum
219 1595 345 1680 κυρίους
371 1593 439 1661 dici
464 1593 611 1692 vidimus
640 1594 680 1660 ad
711 1619 762 1662 or.
784 1595 825 1661 de
847 1594 1028 1686 Oleonymi
1046 1596 1182 1684 hen&
1273 1582 1283 1602 ³

84 1778 90 1791 Ι
113 1697 168 1763 19.
217 1694 330 1783 Neque
355 1694 469 1765 omen
493 1719 569 1762 cum
595 1695 737 1763 Reiokio
763 1694 868 1784 κδριου
895 1699 931 1765 Ιι.
958 1699 984 1766 l.
1014 1697 1056 1762 ad
1077 1699 1185 1765 oolam

100 1794 330 1901 ¹Cephisodoti
354 1812 495 1865 matrem
526 1796 692 1886 pertinere
719 1798 962 1882 contenderim
998 1798 1080 1886 quin
1109 1798 1185 1865 fieri

68 1896 73 1901 ’
112 1912 240 1991 potest,
269 1913 308 1964 ut
333 1898 375 1966 nd
392 1901 492 1967 ‘hanc
513 1899 648 1967 omnino
669 1923 737 1966 non
758 1899 932 1989 pertineat.
978 1899 1114 1967 Certum
1135 1898 1186 1966 e'st

112 2001 205 2067 enim
218 1999 414 2069 etiamalioo
434 2017 564 2091 praeter
576 2000 836 2092 Cephisodotum
856 2002 958 2068 fuisse
972 1999 1185 2090 Theopompi
1254 2038 1268 2082 ῃ

112 2102 251 2186 liberos,
272 2103 310 2168 in
320 2104 439 2189 quibus
449 2104 537 2170 filias
548 2128 678 2191 quoque
690 2104 793 2170 fuisse
805 2104 916 2175 credo.
938 2102 1020 2170 Vid.
1033 2126 1182 2191 prooem,

113 2203 201 2289 Quia
222 2203 327 2293 igitur
348 2221 462 2292 neget,
490 2205 687 2295 pronomine
707 2203 826 2272 τούτων
848 2208 936 2273 solos
956 2205 1081 2271 liberos
1088 2250 1099 2288 ,
1122 2228 1185 2270 ex·

114 2308 207 2385 clusa
221 2321 348 2392 matre,
370 2307 538 2394 designari
554 2310 672 2396 posse?
695 2308 971 2395 quemadmodum
981 2306 1081 2373 ctiam
1094 2305 1184 2375 infra

113 2398 249 2495 ὀρφανοὶ
279 2423 355 2476 aunt
382 2411 446 2476 soli
474 2409 590 2491 liberi,
629 2424 661 2475 et
688 2409 837 2496 reliqua,
872 2433 954 2495 quae
986 2410 1049 2475 hac
1070 2407 1109 2495 ᾗ.
1132 2431 1186 2474 ae·

114 2524 278 2596 quantur,
312 2509 353 2576 ad
382 2512 443 2576 hos
455 2557 465 2594 ,
504 2534 571 2577 non
603 2511 644 2577 ad
672 2527 812 2576 matrem
841 2509 1006 2599 pertinere
1039 2523 1184 2598 apparet,
1229 2498 1233 2505 ¹

113 2603 201 2678 dicut
234 2612 272 2700 ξ.
296 2613 337 2678 11
369 2614 488 2677 παίδων
514 2610 613 2678 ὄντων
640 2610 773 2680 τούτων.
822 2609 938 2697 ltaque
969 2611 1068 2676 etiam
1099 2605 1185 2676 illud

115 2711 270 2798 διγυιάτω
297 2711 340 2779 ὢν
368 2716 473 2799 γένους
504 2713 668 2780 incertum
695 2728 765 2792 est,
799 2726 913 2778 utrum
942 2734 981 2777 eo
1011 2709 1187 2799 pertineat,
1233 2728 1236 2735 ’

115 2815 201 2900 quod
218 2814 446 2902 Dicaeogeneo
461 2814 577 2882 matris
594 2815 659 2880 suit
678 2837 739 2903 per
759 2812 968 2901 adoptionem
990 2809 1184 2898 ἀδελφιδοῦς,

115 2917 260 2983 naturali
292 2934 403 2985 autem
432 2916 628 3005 cognatione
656 2916 794 2982 fortasse
826 2913 983 2980 amitinus
1003 2949 1048 2965 -
1068 2935 1185 2999 quem·
1226 2922 1228 2929 '

116 3040 215 3106 quem
241 3043 282 3085 ne
310 3021 392 3087 haec
420 3020 552 3106 quidem
581 3017 733 3104 cognatio
762 3030 853 3099 certa¹
871 3029 920 3081 eet
938 3009 1048 3080 -an
1070 3013 1186 3081 Theo-

114 3119 228 3209 pompi
249 3121 356 3210 potius
378 3137 535 3208 cognatus
555 3122 657 3187 fuisse
680 3119 819 3185 dicatur.
831 3155 875 3168 —-
896 3114 949 3182 De
969 3114 1186 3183 collocatione

113 3244 148 3287 τι
167 3222 348 3312 particulae
369 3223 439 3290 vid.
463 3224 504 3289 ad
527 3247 576 3290 or.
599 3221 640 3287 de
660 3220 806 3289 Philoct.
829 3221 902 3288 her.
925 3218 963 3308 ἦ.
985 3220 1017 3284 2.

200 3321 339 3423 ἀφείλετο
369 3323 483 3410 πρδδ
484 3326 560 3407 ίκης.
618 3322 693 3390 Hoc
719 3332 788 3389 no'n
817 3336 866 3388 est
890 3321 1027 3406 injnote,
1062 3316 1186 3398 ἀδίκως,

113 3422 152 3490 ut
179 3422 416 3514 interpretatur
435 3425 677 3517 Bernhardyus
699 3421 843 3514 Syutex.
872 3447 906 3512 p.
929 3424 1006 3506 232,
1034 3420 1091 3487 sed
1112 3431 1187 3485 onte

112 3525 297 3611 daducium,
332 3527 403 3612 apio
387 3551 460 3592 υτι
486 3523 568 3610 ὑμᾶς
594 3526 818 3613 ψηφίσασθαι,
857 3524 942 3612 quod
976 3519 1160 3608 legimus
1147 3543 1186 3585 m

114 3650 166 3695 or.
196 3628 237 3694 de
262 3627 417 3719 Astyph„
437 3629 510 3695 her.
540 3628 578 3716 ᾗ.
600 3630 634 3695 3.
694 3625 830 3695 Scilicet
860 3640 934 3692 ante
961 3623 1053 3713 jam,
1087 3643 1186 3737 quam
1221 3670 1225 3675 -
1272 3693 1276 3700 ,

112 3728 181 3819 ipsi
209 3743 278 3796 tota
298 3730 464 3796 hereditas
489 3729 675 3819 adjudicata
697 3743 802 3812 esset,
832 3725 1037 3816 pupillorum
1062 3717 1189 3810 pot-tid·
1197 3798 1201 3803 ,

114 3854 220 3915 nem,
243 3846 355 3919 utpote
382 3828 486 3916 κύριος
516 3847 547 3897 ct
576 3830 756 3918 ἐπίτροπος,
792 3829 840 3894 ito
861 3822 1125 3905 administravit,
1152 3834 1190 3888 ut

115 3956 173 4001 coe
200 3931 370 4021 spoliaret.
401 3970 445 3985 -·
471 3930 581 3997 Etiam
611 3955 661 3998 or.
690 3932 731 3998 de
757 3924 947 3996 Aristarchi
978 3926 1050 3991 her.
1079 3923 1116 4013 ἦ.
1144 3920 1189 3991 24

115 4057 183 4120 up
161 4032 289 4119 δδδιης
313 4048 362 4102 eat
381 4056 455 4101 ιιυιι
476 4045 652 4118 expectata
663 4031 808 4117 judicum
828 4028 1001 4106 contentio,
1028 4040 1066 4091 ut
1086 4047 1188 4113 appe-

114 4148 169 4203 ret
188 4158 234 4203 ex
253 4133 404 4225 opposito
424 4132 530 4210 ἀξιοῦν
552 4130 800 4212 ἐπιδικάζεσθαι,
827 4153 932 4216 neque
954 4127 1092 4194 debebat
1112 4147 1189 4195 cunt
1252 4164 1257 4171 ·

114 4236 172 4304 hia
200 4236 282 4304 locis
312 4235 458 4304 conferri
478 4233 697 4325 Euripidem,
733 4233 772 4301 in
791 4229 964 4365 Heraclid.
995 4251 1031 4297 v.
1052 4227 1134 4296 9253
1162 4213 1189 4313 ᾧ
