2632 4800
168 225 233 295 198
390 248 393 254 ·
525 221 572 289 IN
593 220 874 291 ORATIONEM
950 244 954 249 ·

101 454 128 477 ,
167 392 310 461 nendum
330 391 408 459 falsi
429 389 610 458 testimonii
631 391 673 458 ab
700 391 891 459 adversario
911 407 1102 460 accusatore
1134 416 1245 480 neque

168 494 259 561 enim
280 495 344 560 rite
363 518 401 560 ac
420 493 587 578 legitime,
615 493 672 559 sed
693 484 845 560 mulieris
862 490 974 578 illins,
997 516 1079 580 quae
1098 492 1245 561 Menecli

168 609 271 682 nupta
291 596 420 674 fueret,
457 593 614 660 instinctu
636 593 732 661 illam
751 594 959 685 adoptionem
984 594 1106 661 factem
1130 619 1201 662 esse
1223 618 1245 662 a

168 720 246 764 seue
266 695 434 762 imbecillo
454 696 639 782 mentisque
654 719 722 762 uon
740 697 819 763 satis
837 710 1004 785 compote:
1033 697 1145 782 quales
1164 696 1246 762 ado·

167 798 297 888 ptiones
328 798 438 884 legem
460 795 574 875 irritas
601 820 670 863 esse
698 796 813 887 jubere
823 799 866 884 l).
940 796 1101 864 Defendit
1126 812 1247 865 testem

170 923 267 966 suum
284 899 348 966 bac
360 896 509 965 oratione
520 897 627 982 lilius,
647 913 760 989 utpote
773 896 954 985 συνήγορος,
983 898 1078 964 etita
1097 899 1246 985 quidem,

169 1015 207 1066 ut
223 999 370 1086 primum
385 999 520 1066 licuisse
531 999 676 1079 Menecli
693 1000 848 1090 adoptare
871 1024 968 1087 quern
983 1001 1085 1067 vellet
1104 999 1247 1066 demon·

170 1116 271 1186 stret,
299 1099 377 1169 dein
398 1100 451 1168 sui
468 1099 646 1189 adoptandi
668 1124 801 1167 causam
824 1125 893 1167 non
916 1100 1095 1168 muliebres
1113 1100 1247 1168 blandi·

170 1202 235 1268 tias
262 1214 360 1289 atque
384 1202 560 1269 illecebras
589 1202 692 1269 fuisse
719 1201 883 1281 ostendat,
921 1202 977 1268 sed
999 1202 1106 1290 quod,
1142 1226 1246 1289 quum

170 1327 302 1370 necesse
318 1318 400 1369 esset
413 1302 576 1386 Menecli,
599 1303 664 1369 nisi
681 1305 780 1393 plane
796 1305 896 1370 orbus
915 1304 1072 1370 decedere
1091 1303 1248 1369 domum·

115 1487 120 1501 Ι
171 1429 234 1492 que
255 1428 349 1481 suern
370 1398 510 1489 uacuam
530 1405 718 1494 relinquere
732 1407 851 1490 vellet,
872 1405 981 1472 lilium
999 1405 1144 1492 aliquem
1163 1405 1247 1471 ado-

171 1522 281 1594 ptare,
310 1530 419 1572 nemo·
434 1507 536 1573 fuerit
557 1531 601 1574 ex
621 1506 813 1596 propinquis
839 1531 936 1594 quem
959 1507 1114 1596 adoptare
1136 1520 1251 1596 posset

128 1642 134 1659 ·
171 1623 303 1694 praeter
323 1632 358 1674 se
378 1609 579 1695 fratremque
595 1633 705 1676 suum.
748 1607 861 1697 Neque
880 1632 1078 1695 quemquam
1095 1608 1250 1675 extitisse

170 1709 252 1778 vivo
277 1708 445 1790 Menecle,
481 1709 539 1796 qui
566 1709 630 1776 hoc
662 1709 732 1800 ejus
764 1709 941 1777 consilium
970 1709 1266 1799 reprehenderetg'

140 1821 154 1906 Χ,
172 1804 345 1892 liuditum
363 1811 471 1900 potins
494 1810 597 1878 fuisse
615 1812 656 1887 ab
678 1811 844 1879 omnibus.
887 1811 1000 1901 Ipsum
1024 1811 1254 1879 veroadvar-

66 1952 70 1964 ·
173 1912 299 1985 sarium
333 1926 423 1988 lento
453 1910 565 1985 minus
593 1912 829 2001 haberequod
856 1914 1048 1980 damnosam
1074 1912 1140 1979 sibi
1159 1914 1253 1979 hanc

174 2013 386 2123 adoptionem
402 2012 506 2083 fuisse
517 2028 690 2111 queratur,
713 2014 798 2101 quod
815 2015 976 2106 majorem
991 2009 1255 2104 bonorumpar-

174 2129 243 2185 tem
262 2113 343 2183 vivo
366 2112 437 2207 jam
454 2115 602 2201 Menecle
619 2140 680 2205 per
700 2114 793 2183 litem
815 2117 1003 2202 abstulerit,
1031 2132 1064 2183 et
1085 2138 1254 2205 perpauca

109 2230 120 2243 “
175 2230 306 2293 tantum
327 2217 368 2291 ab
391 2218 455 2284 hoc
474 2231 549 2310 post
568 2208 711 2285 mortem
724 2217 841 2285 relicta
856 2218 942 2287 sint.
984 2216 1026 2284 ln
1045 2218 1118 2311 ipsa
1139 2231 1256 2285 autem

174 2317 235 2402 illa
255 2317 336 2398 lite,
371 2342 474 2410 quum
502 2306 687 2387 dmicorum
713 2319 853 2392 arbitrio
875 2344 928 2387 res
957 2320 1046 2385 inter
1065 2318 1255 2386 Meneclem

172 2419 373 2509 fratremque
394 2436 661 2513 componeretur,
683 2421 911 2503 adversarium
933 2421 1010 2507 sibi,
1030 2421 1101 2500 filio
1122 2419 1256 2509 adopti-

174 2544 239 2608 vo,
259 2521 512 2615 jusjurandum
533 2522 661 2594 dedisse
673 2522 713 2589 de
734 2524 898 2591 servanda
919 2524 955 2591 iu
976 2539 1144 2614 posterum
1163 2521 1256 2588 ami·
1286 2558 1291 2564 ·

77 2665 79 2669 >
176 2623 255 2697 citia
282 2647 322 2713 ac
343 2625 469 2713 gratia,
500 2625 586 2711 quod
607 2624 739 2713 quidem
761 2649 829 2691 non
855 2625 1002 2705 facturus
1023 2623 1157 2707 luisset,
1183 2622 1256 2691 nisi

173 2723 237 2801 rite
266 2747 305 2791 ac
332 2725 482 2813 legitime
513 2726 703 2817 adoptatum
731 2727 920 2794 censuisset.
970 2726 1083 2813 Neque
1110 2749 1191 2793 vero
1216 2750 1254 2792 ae

175 2841 311 2915 propter
325 2827 541 2902 hereditatem
559 2829 665 2918 ipsam
681 2852 882 2918 magnopere
900 2827 1077 2911 reluctari,
1100 2850 1164 2913 quo
1186 2827 1255 2892 mi·

103 2988 106 2993 ,
176 2949 239 3003 uua
272 2902 405 3016 adopdo
433 2929 659 3015 rescindatur,
682 2922 744 2997 ⁴sed
776 2929 935 3017 quoniam
965 2945 1061 3016 turpe
1084 2928 1257 3003 existimet

176 3042 347 3097 mortuum
368 3030 519 3098 deserere
541 3032 634 3123 cujus
657 3031 838 3119 vivililius
859 3031 992 3098 babitus
1021 3030 1076 3096 sit.

264 3125 396 3196 Statum
423 3156 540 3199 censae
568 3148 705 3220 apparet
732 3157 801 3200 esse
828 3134 972 3221 legalem
994 3148 1026 3198 et
1048 3130 1258 3222 conjectura·

66 3306 70 3311 ⁵
177 3230 265 3298 lem:
297 3231 467 3318 quaeritur
497 3233 586 3300 enim
613 3234 778 3321 primum,
806 3234 982 3301 licueritne
1003 3231 1148 3299 Menecli
1171 3233 1255 3298 ado·

179 3346 288 3419 ptare3
317 3331 394 3398 dein
416 3333 523 3401 riteue
545 3358 583 3401 ac
603 3335 751 3425 legitime
773 3329 958 3423 adoptarit,
988 3359 1029 3401 au
1051 3333 1173 3400 mentis
1196 3332 1257 3400 de·

178 3432 309 3505 uilitate
332 3449 366 3499 et
385 3434 536 3503 mulieris
556 3432 723 3515 illecebris
745 3461 783 3502 ac
804 3437 975 3504 blanditiis
998 3449 1178 3524 permotus.

265 3532 319 3601 De
341 3549 491 3623 tempore
512 3537 645 3605 habitae
666 3538 827 3610 orationis
851 3540 962 3627 aliqua
971 3584 984 3621 ,
1012 3538 1093 3633 licet
1111 3535 1260 3622 lubrica,

247 3821 309 3861 uon
325 3807 449 3863 videtur
456 3803 541 3885 jare·
551 3807 692 3875 licuisse,
715 3811 768 3880 aed
785 3811 943 3869 subeunda
959 3809 1019 3869 luit
1035 3767 1207 3878 uiduitatis,¹
1226 3811 1262 3863 nt
1289 3856 1291 3861 ,

249 3890 485 3963 testamentum,
517 3912 576 3966 quo
601 3895 738 3966 adoptati
756 3902 876 3967 essent,
902 3894 1109 3965 defenderant.
1144 3895 1260 3968 Qpam·

79 4020 82 4030 .
131 4015 134 4020 -
248 3991 338 4045 quum
365 3977 422 4034 hos
444 3977 535 4035 etiam
563 3979 662 4036 nihilo
686 3980 786 4039 minuta
820 3996 1045 4052 nonuunquam
1078 3977 1284 4049 dsqpuqmqlu‘

166 4134 171 4145 .
247 4074 318 4116 usos
334 4075 402 4117 esse
419 4065 560 4135 exempla
576 4066 695 4124 docent.
715 4065 755 4123 cl.
773 4067 813 4125 de
826 4067 970 4138 Dicaeog.
987 4066 1054 4127 ber.
1072 4065 1101 4135 ξ.
1121 4064 1166 4123 lb.

211 4159 242 4228 *)
259 4159 347 4218 conf.
365 4165 502 4222 Buntau.
520 4183 552 4237 p.
570 4167 614 4224 56.
765 4152 771 4170 ³
