2632 4800
381 1061 426 1113 IN
455 1058 737 1115 ORATIONBM
767 1060 844 1118 vus.

10 1178 46 1277 ἰ·
119 1185 1104 1303 ΒΕΪοιιιοΝιεΗΕΒΈυιΤᾸΤΕ.

480 1471 741 1514 PROOEMIUM·

54 1591 180 1707 roim,
210 1613 251 1682 de
277 1613 371 1705 cnjus
398 1616 582 1683 hereditate
608 1629 771 1701 certatur,
796 1615 894 1683 binas
914 1614 1046 1706 nuptias
1066 1638 1147 1682 eon·

68 1728 241 1807 ¹traxerat,
269 1718 389 1785 alteras
419 1743 496 1786 eum
517 1717 714 1785 consobrina
736 1741 813 1806 sna,
845 1732 1043 1783 materterae
1062 1716 1145 1802 fllia,

72 1838 203 1913 ax-qua
230 1811 332 1887 unam
358 1820 473 1906 genuit
497 1820 622 1905 filiam,
651 1821 770 1886 alteras
790 1834 864 1908 post
884 1818 1007 1910 prioris
1028 1818 1146 1885 uxoris

60 1932 215 2001 ,mortem
244 1944 320 1988 oum
348 1921 480 1989 Dioclis
510 1921 689 2012 Phlyensis
722 1945 854 2006 sorore,
891 1945 935 1987 ex
965 1946 1030 2009 qna
1057 1920 1145 1989 filios

70 2019 207 2087 sustulit
236 2021 330 2089 duos.
381 2021 447 2090 Sed
474 2023 513 2089 hi
539 2039 618 2089 ante
649 2023 796 2089 adultam
818 2040 957 2089 aetatem
979 2022 1145 2107 obierunt,

14 2134 17 2141 '
52 2119 142 2199 ,tilia
156 2135 274 2189 autem
295 2124 407 2214 priore
428 2123 641 2191 matrimonio
663 2125 774 2211 genita
795 2140 968 2214 postquam
989 2123 1144 2191 adolere·
1248 2159 1250 2163 ⁷

67 2236 125 2289 rat
139 2224 298 2291 collocata
318 2242 366 2293 est
377 2225 572 2293 Nausimeni
587 2224 827 2311 Gholargensi,
853 2250 935 2292 mox
949 2240 1024 2315 post
1044 2225 1143 2313 hujus

67 2339 230 2405 mortem,
261 2351 363 2412 quum
384 2328 495 2392 nullos
516 2328 596 2392 dum
616 2326 742 2397 liberos
762 2328 961 2415 peperisset,
989 2325 1050 2391 alii
1071 2328 1143 2393 eui*

67 2428 151 2495 dam
170 2426 239 2493 civi
257 2428 391 2511 Attico,
428 2453 472 2493 ex
493 2452 558 2515 quo
585 2443 681 2494 natus
703 2443 751 2494 est
771 2428 889 2512 filius,
916 2426 974 2513 qui
993 2427 1080 2492 hano
1102 2428 1144 2494 de

51 2527 128 2597 avi
154 2530 296 2595 materni
323 2528 505 2596 hereditate
538 2554 671 2595 causam
692 2529 772 2618 agit.
816 2529 949 2596 Mortuo
971 2528 1061 2593 euim
1084 2526 1143 2595 ci-

63 2654 153 2703 rona
174 2654 276 2715 quum
306 2632 392 2707 bona
422 2630 492 2721 ejus
517 2629 590 2721 jure
612 2645 645 2696 et
671 2631 802 2717 legibus
823 2628 864 2697 ad
885 2629 1054 2697 neminem
1075 2630 1143 2697 nisi

65 2732 110 2798 ad
132 2746 305 2819 nepotem,
333 2733 391 2819 qui
404 2757 491 2798 uuus
513 2730 641 2822 exejus
663 2730 824 2820 sangnine
846 2744 938 2799 ortus
959 2745 1141 2820 supererat,

63 2830 292 2925 pertinerent,
325 2849 436 2900 tamen
463 2833 641 2917 aDiocle,
672 2834 733 2899 illo
756 2833 937 2923 Phlyensi,
968 2833 1061 2923 eujus
1081 2833 1141 2900 ille

64 2956 217 3003 sororem
238 2934 273 2999 in
292 2935 504 3002 matrimonio
516 2936 696 3018 habuerat,
722 2936 920 3001 subornatus
937 2949 986 3001 est
1006 2934 1141 3022 quidam

63 3034 182 3104 statris
196 3034 329 3103 Gitonis
349 3039 457 3123 filius,
485 3037 541 3124 qui
562 3037 778 3103 hereditatem
799 3036 864 3102 sibi
877 3035 1059 3127 adjudicari
1080 3061 1140 3126 po·

43 3138 221 3203 'stularetz
255 3163 325 3205 esse
351 3138 441 3205 enim
467 3139 564 3204 illum
586 3140 744 3223 alterum,
773 3138 831 3224 qui
852 3152 1005 3229 nepotem
1025 3160 1060 3205 se
1082 3139 1140 3205 de·

64 3240 175 3335 functi
197 3239 337 3323 diceret,
364 3265 432 3306 non
454 3242 552 3307 modo
575 3265 592 3306 e
611 3238 744 3307 cironis
765 3239 856 3328 iilia,
883 3240 940 3306 sed
962 3263 1005 3306 ua
1026 3263 1045 3304 e
1066 3239 1140 3307 eive

65 3338 201 3427 quidem
230 3342 342 3407 Attica
372 3358 508 3426 natum3
545 3357 578 3408 et
604 3342 635 3409 si
665 3341 813 3429 maxime
836 3339 970 3408 (tironis
996 3364 1042 3407 ex
1069 3341 1139 3406 filia

64 3465 170 3531 nepos
191 3460 296 3527 esset,
332 3469 391 3533 per
417 3446 508 3531 leges
529 3460 639 3511 tamen
661 3468 744 3530 quae
765 3444 804 3510 in
824 3441 1063 3509 hereditatibus
1083 3466 1140 3508 ca·

63 3540 196 3633 piendis
216 3543 351 3611 virilem
373 3534 605 3632 cognationem
626 3545 784 3612 muliebri
809 3545 974 3634 potiorem
995 3566 1065 3609 esse
1085 3543 1139 3635 ju-

27 3724 31 3731 ,
65 3646 200 3729 herent,
232 3645 298 3711 sibi
318 3638 445 3736 potius,
481 3649 603 3737 quippe
624 3646 737 3713 fratris
758 3644 849 3726 filio,
875 3670 975 3733 qnam
995 3645 1068 3729 illi,
1095 3669 1140 3711 ex

63 3744 138 3813 filiu
158 3747 291 3835 nepoti,
321 3750 539 3816 hereditatem
556 3748 690 3817 Cironis
706 3747 831 3818 deberi.
853 3784 897 3805 ·.-
916 3746 1007 3814 Hnic
1027 3761 1140 3812 noster

65 3848 115 3915 ita
136 3849 328 3938 respondet,
362 3865 399 3916 nt
421 3853 567 3940 primum
594 3865 734 3917 matrem
763 3874 857 3916 suam
879 3848 1013 3917 Cironis
1033 3844 1140 3914 filiam

65 3950 169 4018 fuisse
196 3951 418 4038 demonstret,
459 3953 534 4021 dein
563 3952 723 4049 potiorem
751 3953 865 4020 fratris
896 3950 969 4019 filio
989 3964 1141 4042 nepotem
