2632 4800
103 252 207 355 ,38²
358 268 366 285 ‘
505 248 554 317 m
571 248 858 320 ORATIONBM
1157 330 1163 361 ΙΙ

141 424 184 491 ad
206 421 344 490 Platont
357 418 530 487 Phaedon.
552 444 584 509 p.
600 420 655 487 92.
673 418 715 488 B.
732 419 848 487 Bremi
869 420 910 487 ad
924 419 1049 490 Aeacii.
1071 421 1111 490 in
1125 422 1222 491 Tim.

85 546 91 563 ¹
141 524 277 615 pe106.
337 521 476 589 Plenius
508 521 686 589 dicendum
717 522 834 588 fuisset
867 527 1007 589 τοιοῦτον
1041 520 1120 590 οἷάν-
1137 523 1222 591 ἔστιν

140 629 254 705 ἐκεῖνο,
277 623 303 707 δ
317 628 371 689 νῖν
390 621 446 687 ἀπ’
470 623 546 707 ἐμοῦ
568 625 633 689 ἐστι
653 616 923 707 προσδοκώμενον.
939 664 988 685 α-
1006 625 1222 712 Παραοκευάς

140 728 241 813 λόγων
272 728 326 791 καὶ
353 724 517 812 μάρτυρας
550 724 587 790 οὐ
620 723 747 808 τάληθῆ
779 732 1017 811 μαρτυροῦντας
1049 729 1220 820 conjungit

141 833 244 899 etiam
265 828 445 895 Demosth.
467 827 485 892 l
506 842 568 894 otr.
592 826 733 895 Onetor.
755 854 789 916 p.
810 829 887 913 864,
908 832 963 897 20.

227 930 266 1019 ᾗ.
290 931 323 996 6.
351 930 518 997 Absoluto
553 920 723 1019 p'rooemio
752 930 897 1020 primam
925 932 1219 1018 argumentationis

97 1118 102 1129 1
139 1049 269 1126 partem
301 1030 515 1119 aggreditur,
546 1046 584 1096 nt
610 1048 751 1098 matrem
772 1056 867 1101 anam
889 1030 1024 1101 (iironia
1044 1034 1151 1101 filiam
1171 1037 1220 1103 le·

74 1156 77 1163 ’
140 1136 298 1226 gitimam
325 1134 429 1199 fuisse
456 1133 573 1221 probet
601 1133 724 1219 partim
746 1131 845 1217 λόγων
867 1133 963 1221 ἀκοῇ,
994 1135 1054 1201 nbi
1071 1152 1117 1202 ἐει
1138 1139 1220 1203 affe·

140 1240 247 1307 renda
275 1253 370 1317 sunt,
400 1234 519 1320 quibua
540 1234 599 1322 qui
625 1234 869 1321 iuterfuerunt,
896 1238 962 1327 ipsi
983 1261 1052 1304 non
1073 1238 1143 1329 jam
1164 1262 1222 1306 sn·

139 1339 294 1432 perstites
322 1352 416 1418 sunt,
448 1337 506 1402 aed
534 1336 593 1403 alii
616 1360 698 1423 qnae
720 1339 762 1403 ab
786 1338 837 1407 his
859 1339 925 1406 sibi
945 1354 1079 1406 narrata
1100 1340 1221 1407 memi-

140 1456 280 1524 nerunt,
311 1439 413 1531 jurati
427 1461 489 1524 pro
506 1438 694 1505 testimonio
709 1443 922 1525 profitentur,
950 1441 1036 1529 quod
1052 1458 1103 1510 est
1123 1441 1229 1528 ἀκοὴν·

50 1604 53 1609 .
140 1538 332 1630 μαρτυρεῖν,
359 1541 483 1631 partim
495 1541 726 1625 consciorum,
755 1542 791 1608 h.
811 1568 840 1608 e.
864 1567 980 1610 eorum
1002 1544 1058 1630 qui
1078 1545 1145 1633 ipsi
1165 1545 1222 1611 in·

140 1649 329 1714 terfneruut
351 1658 383 1707 et
407 1642 508 1707 etiam
527 1665 614 1707 nnuc
636 1658 834 1729 supersunt,
863 1644 1075 1712 testimoniis.
1093 1690 1096 1695 -
1128 1644 1219 1729 Ἀκοη

140 1746 242 1833 λόγων
271 1761 303 1812 et
331 1744 417 1833 apud
447 1759 594 1810 oratores
608 1768 683 1810 »non
704 1769 781 1812 raro
804 1746 946 1831 dicitnr,
973 1762 1005 1813 et
1026 1748 1114 1837 apud
1135 1749 1220 1815 alios

140 1850 279 1940 quosvis
304 1848 504 1935 scriptores3
542 1844 622 1929 ἀκοὴ
648 1844 817 1933 μαρτύρων
844 1863 955 1914 autem
982 1849 1140 1916 dicuntur
1165 1850 1221 1917 itti

140 1974 314 2032 rumores,
344 1965 505 2034 qrratenus
526 1962 624 2014 testes
646 1973 664 2013 a
687 1972 722 2014 se
744 1973 798 2016 eos
820 1950 949 2015 auditos
969 1975 1040 2017 esse
1060 1954 1220 2038 profiten-

140 2069 209 2121 tur.
255 2050 423 2147 Sitniliter
443 2050 532 2115 infra
554 2050 592 2136 ᾗ.
614 2052 672 2117 29ι
705 2048 1064 2138 ἀκοὴν-μαρτυρούντων
1086 2050 1218 2138 παρεχό-

139 2179 246 2240 μενος.
288 2154 349 2220 Est
368 2152 474 2240 igitur
494 2149 664 2237 μαρτύρων
685 2154 741 2219 vel
767 2151 1012 2240 μαρτυρούντων
1034 2154 1216 2238 ἀκοῆἰΙΙιιά

140 2259 274 2348 ipsum,
314 2255 401 2342 qnod
434 2268 532 2320 testes
562 2278 597 2320 se
624 2277 644 2319 a
666 2254 829 2320 defunctis
856 2256 1020 2345 accepisse
1041 2271 1215 2323 testantur.

62 2388 64 2393 ·
142 2358 282 2429 Scilicet
308 2358 381 2423 sola
411 2352 511 2439 λόγων
543 2352 621 2441 ἀκοῇ
651 2354 688 2420 in
719 2354 853 2442 judiciis
881 2358 1104 2425 demonstrari
1131 2357 1218 2425 nihil

140 2475 267 2554 potest,
302 2458 372 2525 nisi
392 2459 525 2523 accedat
545 2458 698 2541 testium,
727 2458 784 2545 qni
805 2482 900 2525 auam
922 2461 1009 2525 hauc
1029 2454 1128 2542 ἀκοὴν
1150 2483 1217 2526 esso

117 2616 123 2629 ,
140 2566 327 2640 affirment,
350 2560 541 2626 auctoritas.
585 2557 701 2646 ltaque
717 2559 775 2643 τὴν
792 2556 890 2644 λόγων
906 2559 1002 2644 ἀκοὴν
1018 2561 1119 2628 etiam
1136 2586 1219 2648 μαρ-

140 2664 244 2754 τύρων
264 2662 363 2747 ἀκοὴν
394 2685 466 2728 esse
485 2677 625 2749 oportet.
669 2650 849 2728 Diversum
871 2678 981 2729 autern
1003 2687 1074 2728 esse
1094 2665 1219 2730 utrius-

141 2793 205 2858 que
240 2764 381 2852 genitivi
416 2764 593 2838 rationem,
613 2781 766 2851 apperet3
799 2766 884 2830 alter
914 2765 1004 2830 enim
1035 2763 1219 2849 objections

141 2886 208 2955 est,
243 2871 327 2934 alter
350 2863 563 2957 subjectivos.
607 2865 788 2931 Reiskium
808 2883 936 2949 etitem,
960 2867 1017 2952 qui
1037 2866 1073 2931 h.
1096 2868 1123 2932 l.
1147 2880 1221 2956 post

139 2967 311 3059 μαρτύρων
332 2968 408 3034 add.
432 2968 546 3045 πίστει,
582 2981 613 3032 et
635 2967 672 3053 ξ.
695 2971 739 3034 29
759 2968 994 3053 corrigendum
1016 2982 1127 3047 censet
1148 2966 1221 3043 τοὺς

139 3070 239 3158 ἀκοὴν
259 3075 499 3156 μαρτυροῦντας
514 3065 736 3153 παρεχόμενος,
757 3093 868 3152 nemo,
889 3071 1020 3156 opinor,
1042 3070 1220 3138 audiet.—

139 3179 227 3245 Mox
255 3172 298 3248 ὡς
324 3177 524 3254 κληρονομεῖν
553 3176 674 3253 μᾶλλον
694 3167 768 3254 ἡμῖν
789 3171 809 3253 ἢ
830 3177 942 3236 τοῦτον
963 3168 1111 3257 προσήκει
1133 3172 1221 3239 mira

138 3274 405 3348 inconcinnitate
426 3273 552 3340 dictum
573 3285 623 3338 est
642 3296 704 3359 pro
725 3269 809 3355 ἡμᾶς
829 3272 849 3356 ἢ
871 3279 982 3339 τοῦτον
1003 3311 1046 3323 -
1067 3288 1126 3338 ent
1147 3269 1220 3357 ἡμῖν

139 3376 294 3470 ducito.
965 3441 967 3444 .

228 3482 265 3568 ᾗ.
289 3482 321 3546 7.
345 3478 378 3554 ἐξ
398 3474 535 3561 ἀδελφῆς
554 3481 610 3559 τῆς
631 3474 728 3540 αὐτοῦ
747 3475 867 3561 μητρὸς
889 3473 988 3559 αὐτὴν
1008 3477 1221 3560 γεγενημένην.

140 3583 274 3654 Similis
294 3579 503 3670 pronominis
526 3578 719 3665 anaphorioi
735 3577 943 3643 abnndantia
964 3595 1014 3644 est
1035 3579 1075 3644 de
1091 3577 1220 3669 Pyrrh.

73 3692 75 3697 ’
139 3690 215 3756 her.
248 3691 280 3765 ἦ.
303 3686 363 3749 73:
399 3679 458 3765 τὴν
484 3680 646 3763 θυγατέρα
679 3678 735 3762 τὴν
763 3680 796 3743 ἐκ
832 3677 950 3763 ταύτης
977 3679 1221 3766 ἀποφανδεῖσαν

139 3787 218 3856 εἶναι
238 3827 282 3839 -
303 3785 438 3849 ἐπίδικον
459 3787 637 3847 καταλιπεῖν
659 3779 766 3863 αὐτήν.
817 3781 892 3848 Nou
913 3783 1012 3869 plene
1034 3783 1151 3848 eadem
1174 3796 1223 3847 est

110 3966 112 3973 g
139 3891 228 3957 ratio
263 3889 495 3974 exemplorum
524 3908 607 3971 queo
637 3884 836 3950 Matthiaens
857 3883 1050 3968 congessit,
1084 3908 1136 3971 gr.
1161 3883 1218 3951 Gr.

140 4017 174 4081 p.
197 3991 273 4072 876,
303 3989 364 4054 nbi
390 3986 669 4071 redintegrandae
697 3984 842 4050 orationi
870 3984 1074 4073 interruptae
1096 4008 1221 4073 prono·

140 4116 219 4159 men
234 4091 388 4158 inservit.
434 4087 499 4155 Sed
512 4089 656 4153 conferri
672 4102 779 4176 potest
792 4087 833 4151 de
848 4086 997 4177 Astyph.
1016 4087 1090 4152 her.
1107 4087 1145 4173 ὁ.
1158 4088 1220 4152 17:

141 4195 196 4260 καὶ
225 4190 326 4267 οὕτως
356 4188 453 4255 αάτδν
485 4189 673 4272 διατεθῆναι
698 4186 778 4254 ὥστε
809 4187 842 4252 ἔκ
872 4194 934 4253 τῶν
962 4192 1088 4272 πληγῶν
1124 4186 1220 4254 αάτδν
