2632 4800
157 210 244 325 'seo
336 332 347 353 ,
541 250 592 320 ln
608 228 897 365 ‚oufflonnn

185 468 194 481 .
265 420 303 509 ᾖ.
320 423 375 493 23.
397 425 460 486 τῶν
482 418 517 486 di
533 418 703 510 ἆῤῥαβῶνα
720 418 894 489 δεδωκέναι.
937 418 988 487 Ita
1006 444 1083 488 cum
1098 417 1263 489 Bekkero

179 521 535 608 utique⁸ecribeudum
565 519 629 587 fnit
655 544 716 611 pro
743 519 799 585 τὸν
828 521 863 585 δὲ
883 518 956 609 ἂῤῥ.
998 521 1086 589 Nam
1108 518 1180 589 non¹
1201 546 1263 614 pro

182 621 337 692 omnibus
365 622 437 690 istis
468 624 568 690 rebus
599 623 822 688 arrhabonem
850 622 981 709 datum,
1010 623 1067 689 sed
1089 646 1154 713 pro
1175 646 1264 691 non·

180 726 286 794 nullis
306 740 513 815 praesentem
541 725 715 814 pecuniam
736 740 945 790 numeratam
964 721 1068 791 fuisse
1089 725 1262 812 sequentia

181 827 312 894 docent.
356 827 580 916 Opponuntur
599 826 705 911 igitur
724 825 813 891 inter
827 849 861 891 oe
882 848 913 890 τι
934 837 967 891 et
984 830 1049 891 τῶν
1070 825 1125 906 δὲ,
1148 839 1186 892 ut
1208 849 1261 915 ap.

87 930 90 935 ’
183 928 343 997 Aeschin.
366 927 405 992 de
426 928 452 992 1.
474 929 541 1015 leg.
565 952 598 1016 p.
613 926 695 994 265:
725 926 756 1004 ἐξ
778 917 958 1002 ὧνάὖτοῦς
973 923 1153 1014 ἀνηρήκασί
1171 950 1261 1007 τινες,

184 1029 214 1098 οἳ
235 1031 269 1094 δὲ
301 1029 353 1094 noi
384 1030 520 1117 δημοσία
542 1025 752 1108 ἐτελεύτησαν.
797 1025 850 1096 cf.
872 1026 986 1096 Fiseh.
1010 1028 1051 1094 sd
1072 1017 1225 1096 Weller.
1244 1028 1262 1094 1

183 1156 218 1223 p.
208 1132 311 1200 .326.
329 1131 405 1197 329.
422 1131 580 1196 Arrhabo
601 1129 680 1217 quid
695 1128 750 1213 sit,
782 1154 881 1196 nemo
894 1130 1038 1216 ignorat.
1082 1121 1211 1197 Pro
1171 1153 1264 1205 ουτος

182 1230 344 1311 Reiskius
371 1233 498 1299 mavult
525 1228 637 1313 αὐτός,
667 1246 705 1298 ut
734 1230 941 1319 significet
926 1255 1025 1318 speum
1046 1232 1088 1298 dc
1113 1256 1171 1300 suo
1193 1255 1263 1298 ero·

182 1358 287 1420 goare.
329 1332 404 1400 Nou
429 1347 542 1399 tamen
564 1357 646 1423 opus
674 1347 723 1400 est
743 1332 924 1420 quidquam
944 1333 1089 1403 mutari
1123 1318 1263 1422 Repeti

183 1451 240 1503 tur
259 1456 442 1525 pronomen
464 1433 761 1503 demonstrativum
781 1458 1036 1525 saepenumero,
1068 1435 1126 1501 nbi
1150 1437 1264 1502 abraso
1296 1464 1299 1471 ·

132 1522 146 1545 ⁴¹
184 1535 357 1605 commode
385 1550 526 1626 poterat.
569 1537 621 1603 lta
649 1535 687 1624 ᾖ.
710 1540 749 1604 2.
790 1535 890 1602 oi'rcov
912 1536 1022 1602 61τοῦ
1043 1541 1146 1601 ταῦτα
1168 1544 1264 1602 ποιεῖν

186 1637 302 1715 αὐτοὺς
321 1634 443 1702 ἔστιν’
426 1634 579 1720 ητοῦτων
599 1640 767 1715 πλεονεξία.
781 1638 929 1706 —Mox
950 1635 1207 1723 διωμολογήσατο
1221 1675 1264 1691 --

56 1778 59 1783 ,
186 1745 338 1824 συστῆσαι
359 1736 434 1813 τούς
455 1735 609 1819 λαβόντας
630 1739 814 1826 significat.
846 1740 1046 1806 condicitur
1065 1742 1112 1805 ud
1130 1766 1183 1806 nae
1203 1741 1265 1807 od·

186 1844 350 1909 ducturum
380 1864 444 1905 esse
470 1864 542 1925 eos,
582 1843 638 1926 qui
666 1843 875 1907 arrhabonem
895 1841 1103 1927 accepissent,
1137 1841 1264 1908 scilicet

186 1959 224 2010 ut
245 1967 357 2010 coram
378 1965 432 2006 mo
460 1942 683 2008 arrhabonem
704 1943 770 2010 sibi
792 1944 905 2009 datum
926 1967 996 2010 esse
1017 1958 1050 2008 et
1070 1966 1126 2010 res
1150 1944 1191 2009 ad
1214 1967 1284 2023 ιιι,

187 2044 355 2135 pulturam
376 2042 576 2110 necessarias
598 2067 617 2109 a
638 2068 674 2110 oe
695 2044 909 2134 praestandas
929 2047 1176 2134 profiterentur.
1215 2044 1262 2114 tu

188 2150 339 2228 συστῆσαι
361 2144 402 2209 de
424 2144 589 2228 debitore,
617 2145 676 2232 qui
697 2145 873 2213 adducitur
893 2145 933 2212 ad
956 2146 1118 2232 alterum‘,
1151 2161 1188 2212 ut
1209 2168 1262 2212 co·
1300 2186 1303 2193 ·

187 2271 261 2315 ram
282 2244 381 2337 hujus
411 2245 653 2321 se'debitorem
674 2270 743 2314 asse
765 2250 960 2315 confiteatur
966 2266 987 2329 ,'
1012 2263 1062 2313 est
1083 2249 1172 2338 apud
1193 2247 1260 2316 De-
1301 2234 1304 2243 ¹

187 2349 310 2417 mosth.¹
339 2359 402 2415 ctr.
432 2344 594 2436 Spudiam
623 2373 657 2437 p.
681 2349 778 2436 1629,
805 2350 863 2418 26.
911 2347 966 2417 De
987 2349 1056 2423 alio
1083 2349 1183 2448 verbi
1203 2372 1260 2417 usu

188 2450 259 2518 vid.
282 2450 323 2516 de
344 2449 416 2516 ord
438 2448 509 2539 jud.
532 2475 566 2539 p.
588 2450 665 2518 503.

275 2551 313 2640 ᾖ.
337 2551 390 2621 24.
424 2549 463 2615 od
486 2552 574 2616 dil
540 2547 652 2637 scas}
682 2518 733 2618 ooi
754 2551 789 2617 δέ
808 2553 843 2618 τί
860 2546 1005 2640 προσήκει
1025 2547 1178 2672 odmen,
1212 2548 1258 2620 Iu
1306 2608 1308 2629 ,

117 2694 120 2701 ·
190 2652 308 2723 solet
296 2678 333 2723 ιιι
356 2653 598 2719 exclamatione
621 2672 653 2719 et
673 2654 935 2742 interrogatione
957 2656 991 2719 δὲ
1011 2655 1090 2744 poni
1114 2654 1190 2721 cnm
1210 2653 1259 2719 in·
1304 2704 1307 2711 .

189 2754 391 2841 dignationis
421 2756 477 2821 vel
507 2755 736 2822 admirationis
771 2755 1023 2844 significatione.
1086 2755 1257 2823 Demosth.

188 2857 273 2925 Mid.
295 2881 328 2946 p.
352 2856 448 2926 582
438 2857 530 2923 mit:
565 2857 621 2923 οὐκ
643 2856 682 2921 ἂν
704 2855 821 2932 εὐθέως
841 2857 967 2925 εἴποιεν·
1009 2857 1123 2924 cdvii
1142 2855 1260 2940 βάσκα-

189 2962 266 3025 oov!
286 2957 342 3022 τὸν
357 2957 391 3021 δὲ
406 2955 539 3044 ὄλεθρον
549 2963 565 3024 ‚¹
585 2964 697 3024 rodano
714 2959 748 3024 δὲ
764 2956 895 3045 ὑβρίζειν
901 2989 912 3044 ,·
924 2948 1020 3028 'Plau
1037 2959 1121 3051 Lyn.
1142 2983 1176 3049 p.
1188 2957 1259 3026 265.

190 3056 239 3128 A:
278 3056 398 3124 τούτων
425 3059 461 3124 δέ
489 3085 519 3124 τι
548 3066 701 3151 moduni,-
739 3059 836 3130 Gonf.
864 3060 1078 3151 Hoogcveen.
1114 3057 1260 3128 Sohiitzii
1306 3076 1308 3081 '

190 3186 224 3251 p.
248 3161 323 3228 173.
345 3199 388 3212 -
416 3159 470 3228 De
492 3175 657 3228 structura
685 3163 781 3249 εἶσίῃς
800 3161 856 3247 τὴν
877 3165 976 3229 οἰκίαν
995 3187 1057 3255 pro
1079 3165 1124 3239 εἷς
1142 3161 1200 3247 τὴν
1219 3162 1261 3228 oi·

190 3262 262 3328 κίαν
281 3261 353 3333 vid.
375 3261 580 3333 Valckenar.
604 3264 644 3331 ad
662 3264 778 3355 Eur-ip.
798 3264 974 3334 Phoeniss.
996 3288 1032 3333 v.
1055 3266 1153 3335 1699.
1176 3263 1261 3331 Bek-

190 3363 294 3430 kerus
321 3379 433 3429 tamen
454 3378 534 3438 tom.
563 3365 586 3435 5
613 3391 647 3456 p.
670 3367 734 3433 697
760 3367 973 3434 scribendum
1000 3365 1137 3459 conjicit
1167 3361 1258 3433 od
1221 3389 1260 3448 μη

138 3470 140 3474 '
192 3463 264 3530 εἷ’σει
285 3463 383 3540 εἰς
347 3490 404 3589 uqa
426 3466 544 3545 οἶκ1,αν
574 3483 760 3586 propterea,
791 3469 928 3558 opinor,
957 3469 1077 3563 qdod'
1064 3492 1102 3534 ια
1123 3467 1262 3535 vetando
1305 3483 1308 3493 ·

191 3581 266 3656 post
287 3592 324 3631 ov
343 3592 388 3650 μη
379 3562 560 3666 'futurum
581 3569 690 3658 potius
711 3571 781 3639 ind.
792 3593 936 3668 ,quam
959 3567 1193 3660 conjunctivus
1213 3568 1263 3638 vel

192 3692 300 3757 praes.
334 3669 390 3734 vei
422 3692 491 3736 eon
515 3673 670 3760 usurpari
691 3674 786 3741 solet.
832 3664 929 3740 Cous.
951 3672 1072 3739 Elmsl.
1096 3672 1136 3742 a'd
1161 3669 1262 3789 Sopir.

49 3783 54 3787 '
138 3844 141 3851 .
187 3769 284 3837 oen.
308 3767 428 3839 (ioh-v
403 3795 439 3839 v.
463 3774 536 3839 177.
581 3772 708 3840 Verum
729 3790 834 3865 potest
855 3799 934 3841 sano
961 3773 1082 3861 aliquis
1111 3774 1211 3841 etiam
1230 3772 1264 3837 iu

192 3872 335 3937 vetando
364 3874 427 3939 hac
455 3875 562 3959 figura
589 3875 659 3959 uti,
698 3893 735 3942 ut
756 3879 897 3943 affirmet
917 3899 985 3944 nou
1011 3870 1166 3942 futurum
1187 3897 1264 3957 esse,

195 3971 281 4057 quod
303 3974 387 4039 alter
407 3975 505 4042 velit:
536 4001 599 4042 noo
620 3978 750 4045 intrudis
768 3980 895 4045 donum
911 4002 973 4066 pro
993 3979 1061 4043 noli
1078 3978 1264 4047 introire.-

191 4068 312 4139 Paullo
334 4090 408 4160 post
428 4080 483 4139 νῦν
505 4077 555 4155 δὲ,
587 4080 674 4165 quod
702 4079 963 4167 frequentissimi
984 4094 1033 4146 est
1052 4102 1155 4165 usus,
1183 4079 1264 4146 idem

192 4171 263 4238 iere
284 4176 474 4264 valetquod
495 4177 575 4245 otta
597 4180 657 4270 γάρ
678 4183 735 4251 vel
755 4181 826 4247 ἀλλ’
849 4178 952 4266 ὅμως,
981 4195 1020 4249 ut
1036 4181 1121 4250 benc
1135 4176 1264 4274 exponit
