2632 4800
253 252 725 381 os-rnhocnunoms
744 309 1067 384 111111111111111.
1130 313 1196 383 sco

123 480 191 549 hoc
211 477 470 573 Thucydileum
494 479 556 565 ΙΙΙ,
578 481 638 547 691
670 480 704 546 ἐκ
724 485 787 546 τῶν
802 480 981 566 Ἀθηναίων
1002 483 1196 565 luthomisl·

123 605 181 648 σαι
201 583 237 649 11.
260 605 290 651 e.
321 583 533 653 anennullis
565 607 610 650 ex
629 581 889 649 Atheniensium
916 585 1020 652 classe
1040 586 1196 652 navibus.

123 682 178 751 ltl.
201 683 264 770 Vl,
285 687 352 752 36:
391 676 484 750 αὗται
514 684 548 750 αἲ
579 684 715 770 ἀγγελίαι
734 721 778 735 -
798 683 832 762 ἔξ
858 671 1000 772 dalchio,
1036 687 1123 770 clueo
1148 683 1197 749 άεί

121 782 202 853 τάδε
221 792 356 868 κινοῦσι,
389 785 567 872 ξάγκεινται.
867 870 871 875 1

211 903 306 982 αὐτὸς
327 904 382 991 ἐφ’
406 903 519 995 ἑαυτῷ.
562 904 681 973 Malim
696 901 749 991 ἐφ’
772 899 902 989 ἑαυτοῦ,
930 918 988 970 aut
1009 902 1103 981 αὐτὸς
1123 902 1195 970 iov-

121 1010 174 1095 τῷ
191 1010 238 1074 'ut
269 1009 307 1097 ᾖ.
330 1009 393 1076 581
427 1008 484 1075 τάν
510 1009 672 1094 ἐπίτροπον
701 1003 803 1095 ἑαυτῷ
830 1003 1002 1091 λαγχάνειν.
1058 1007 1112 1073 De
1138 1008 1177 1094 tp
1181 1007 1193 1031 ’

122 1107 239 1176 ἑαυτοῦ
277 1112 319 1178 cs.
352 1112 517 1179 Abresch.
549 1108 664 1180 Diluc.
695 1109 853 1200 Thucyd.
893 1133 928 1197 p.
959 1110 1034 1176 699.
1071 1109 1193 1178 Matth.

51 1206 54 1215 ¹
123 1236 180 1302 gr.
202 1211 263 1280 Gr.
290 1237 324 1302 p.
348 1214 433 1280 1163
453 1238 502 1301 sq.
551 1212 694 1301 Legitur
720 1226 830 1276 tamen
860 1209 946 1300 apud
966 1209 1125 1300 Xenoph.
1153 1210 1194 1276 de
1246 1284 1249 1291 Ι

120 1337 218 1440 rep.
218 1312 298 1382 Lac.
328 1339 399 1404 cap.
424 1315 465 1380 12
493 1321 527 1396 9.
549 1315 586 1383 5·
621 1312 700 1380 ὥστε
724 1309 1120 1433 μεγαλοπρεπεστίροσς’
1081 1293 1196 1389 cotiae

80 1412 183 1509 Ιἐφ’
202 1411 324 1492 {across
343 1417 513 1502 γίγνεσθαι.

212 1536 249 1624 ὁ.
267 1535 320 1603 59.
344 1532 512 1624 καλτοάτῳ
524 1534 643 1619 μίν-
646 1534 721 1603 .Η.
744 1560 774 1602 e.
791 1532 1033 1601 Chaerestrato.
1073 1532 1194 1600 Paullo

119 1637 214 1706 infra
241 1653 314 1726 post
343 1653 399 1704 aut
426 1652 504 1703 aute
533 1638 654 1703 είσιίνιιι
683 1638 822 1705 verbum
850 1635 1013 1702 excidisse
1045 1639 1193 1724 appar‘et,

120 1736 211 1817 άξιοΐ
231 1754 268 1804 ut
294 1739 429 1829 opinor3
457 1740 557 1827 idque
580 1738 735 1807 lleishius
764 1763 890 1826 quoque
912 1736 1063 1822 conjecit.
1107 1737 1194 1804 Nam
1286 1820 1288 1825 Ι

121 1841 212 1929 quod
233 1840 321 1907 idem
343 1841 442 1919 etiam
464 1841 584 1907 εἴσεισιν
609 1841 676 1927 legi
697 1864 792 1930 posse
812 1854 922 1930 putat,
954 1839 1084 1905 fallitur
1104 1839 1194 1905 haud

120 1942 236 2009 (lubic.
287 1942 400 2030 Neque
422 1945 510 2009 enim
528 1943 605 2031 quid
624 1932 769 2013 facturos
786 1952 870 2009 esset
886 1939 1135 2008 Chaerestratus
1150 1979 1195 1992 —
1250 1954 1253 1959 '

120 2058 157 2113 et
186 2044 291 2110 futuri
318 2046 475 2135 temporis
503 2045 779 2134 significationem
807 2035 914 2111 inesse
941 2042 978 2108 in
1004 2044 1068 2109 hoc
1089 2043 1193 2117 verbo

119 2160 241 2213 notum
263 2162 311 2213 est
331 2185 374 2197 -
394 2148 452 2214 ced
474 2148 551 2235 quid
573 2149 696 2214 laceret
716 2146 931 2213 indicandum
953 2161 1041 2227 erat;
1074 2169 1192 2233 neque,

51 2330 55 2337 Ι
120 2248 154 2316 si
181 2249 397 2314 concedamus
425 2249 527 2315 είσεισι
555 2251 654 2317 etiam
685 2250 724 2315 de
746 2273 782 2315 re
804 2247 969 2339 praesenti
991 2247 1058 2313 dici
1084 2271 1192 2338 posse,

119 2372 242 2418 verum
271 2367 318 2416 est
347 2376 423 2416 eum
450 2377 537 2417 nunc
565 2351 727 2440 εὐθυδικίᾳ
748 2352 958 2436 είσίρχεσθαι,
994 2349 1114 2439 quippe
1136 2350 1193 2438 qui

119 2454 275 2543 repulsus
297 2453 340 2518 sit
360 2453 540 2520 Androclis
562 2454 784 2542 διαμαρτυρίᾳ.

164 2662 166 2667 ,
207 2587 418 2676 παρεκβάσεις.
468 2589 631 2676 Designat
660 2590 723 2656 ista
753 2589 923 2673 convicia,
955 2612 1096 2675 quorum
1126 2603 1194 2655 sta·

119 2688 186 2758 tim
205 2693 407 2758 mentionem
428 2692 518 2757 lacit.
561 2692 646 2758 Nam
663 2693 699 2758 in
720 2693 914 2759 uuiversum
935 2691 1123 2773 παρέκβασις
1144 2706 1193 2757 est

124 2790 280 2883 quicquid
303 2793 361 2869 ἕξω
382 2800 438 2860 τοῦ
460 2791 642 2879 πράγματος
663 2793 784 2861 elicitur
806 2795 846 2858 ad
868 2793 1033 2859 fallendos
1053 2791 1192 2883 judices,
1274 2873 1277 2880 ,

88 2884 92 2891 ⁴
121 2894 212 2980 quod
235 2911 284 2961 est
314 2894 461 2980 παράγειν
493 2897 578 2983 apud
602 2896 775 2963 Demosth.
798 2896 834 2961 iu
856 2892 970 2983 Steph.
993 2891 1030 2960 ll
1050 2896 1083 2983 p.
1108 2893 1193 2961 1129
1275 2901 1282 2910 '

119 2996 172 3063 in.
196 3011 227 3062 et
247 2996 417 3082 παραγωγὴ
440 2999 523 3087 apud
543 2999 682 3064 eundem
702 2998 738 3063 in
750 2998 866 3064 Boeot.
890 2997 929 3061 de
952 2996 1026 3061 dote
1046 3021 1080 3085 p.
1095 2994 1192 3082 1015,

84 3097 143 3189 Nx1
173 3113 204 3165 et
235 3097 460 3186 παρεμβάλλειν
479 3101 601 3185 γλόγους
632 3097 753 3186 ἕτίρσνς
783 3097 831 3165 ib.
862 3124 896 3188 p.
929 3098 1025 3183 1026,
1055 3099 1111 3164 20.
1147 3135 1191 3149 -

120 3196 222 3277 δόξειν
241 3198 276 3266 in
297 3205 363 3267 fine
385 3200 484 3292 lrhjus
506 3202 685 3290 §.pendet
711 3226 731 3268 a
752 3203 855 3270 verbo
877 3199 992 3281 οἴεται,
1020 3201 1113 3267 etde
1135 3223 1191 3265 re-

119 3302 278 3392 petitione
316 3304 350 3368 ιλὲ
384 3304 624 3394 conjunctionis
662 3303 789 3371 nemini
822 3304 936 3388 ignota
973 3317 1068 3388 sunt,
1106 3308 1190 3387 quae

119 3401 342 3471 Buttmannus
363 3401 544 3494 disputavit
573 3407 613 3472 ad
635 3407 811 3473 Demosth.
833 3405 917 3472 Mid.
940 3403 1083 3473 Excurs.
1105 3403 1189 3473 XII.
1278 3442 1280 3447 ⁴

122 3502 177 3573 Gf.
200 3503 350 3573 Werler.
374 3507 411 3573 in
431 3507 509 3575 Act.
530 3507 623 3575 Phil.
645 3508 739 3577 Mon.
761 3507 832 3597 lp.
854 3508 899 3575 88
920 3530 991 3594 sqq.

206 3641 244 3729 ὁ.
266 3643 320 3709 69.
352 3645 394 3719 είς
413 3642 470 3727 τὴν
492 3640 581 3709 πάλιν
611 3644 702 3710 πλείω
723 3641 921 3709 ἀναλίσκεται
939 3677 993 3706 --.
1024 3638 1191 3709 Similiter

118 3738 243 3832 Lysias
261 3744 392 3810 debon.
409 3744 582 3834 Aristoph.
605 3772 638 3836 p.
653 3746 734 3812 618:
763 3741 780 3810 ὅ
802 3743 876 3827 ἐμὸς
896 3741 1000 3827 πατὴρ
1022 3741 1054 3808 ἓν
1075 3741 1191 3809 άπαντι
1250 3776 1253 3785 ·
1282 3738 1286 3746 ’

117 3847 167 3928 τῷ
185 3845 246 3930 βίῳ
267 3846 359 3911 πλείω
380 3848 423 3922 είς
442 3847 499 3931 τὴν
512 3845 599 3913 πάλιν
622 3844 796 3930 ἀνήλωσεν,
823 3844 843 3928 ἢ
865 3846 907 3920 είς
926 3841 1023 3909 αὑτὸν
1043 3844 1095 3909 καί
1115 3842 1189 3919 τοὺς

118 3945 271 4021 σίκείονςι
300 3948 499 4036 omninoque
520 3950 608 4015 nihil
628 3945 832 4034 frequentius
853 3946 939 4035 apuel
961 3961 1108 4013 oratores
1129 3944 1191 4012 teli

116 4048 313 4117 meritorum
336 4073 414 4135 erga
437 4074 507 4116 rem
528 4050 696 4141 publicam
717 4063 749 4113 et
770 4072 946 4114 munerum
973 4050 1064 4114 laute
1085 4068 1123 4113 ac
1143 4045 1189 4113 li·

115 4148 276 4217 beraliter
304 4153 494 4218 {unctorum
524 4148 834 4219 commemoratione
865 4149 907 4214 ad
943 4146 1188 4216 conciliandum

115 4271 236 4318 musae
265 4274 344 4320 suae
370 4251 519 4346 judicum
547 4255 711 4322 favorem.
764 4247 819 4318 Gi.
845 4247 931 4337 leae.
949 4251 1004 4318 ¹ele
1023 4248 1186 4338 Dicaeog.
