2632 4800
19 284 24 293 Ι
225 202 232 215 ·
257 172 322 249 ΒΕ
341 170 601 247 ASTYPHILI
620 173 930 249 HEREDITATE
1070 181 1137 253 417
1262 166 1267 175 ¹

60 343 114 415 ccl
123 336 247 427 7,πολλοί
264 357 313 411 est
328 352 361 409 et
376 341 500 428 ροίιίενα
514 345 606 411 multi
624 344 660 415 lr.
677 366 708 425 e.
727 368 804 412 aona
817 349 910 414 molti
920 370 956 417 v.
971 306 1135 441 ραννινῑα,

59 445 227 533 intensiva
244 443 426 533 particulae
445 443 501 529 vi,
530 469 614 531 quae
628 446 745 513 eadem
765 462 814 514 est
834 447 870 515 in
893 448 945 514 καὶ
964 446 1062 533 μάλα,
1083 450 1137 519 καί

59 545 161 628 advo,
187 547 242 643 τραί
261 547 349 626 λίαν,
379 546 431 610 καί
460 542 581 631 μεγάλα
609 546 749 645 aliisque
770 543 903 634 pociores
923 551 1136 634 καὶπολλαῖς,
1194 604 1198 608 .

59 672 204 741 qnorum
229 648 384 735 exempla
411 670 591 735 congerere
617 648 706 715 nihil
732 649 860 717 attinet.
910 647 997 719 Sunt
1025 668 1137 725 antem
1239 668 1254 689 ”

59 749 250 842 Araphenii
271 749 378 815 tribus
392 748 564 836 Aegeidis.
579 786 623 801 -
642 747 763 821 Paullo
783 765 859 838 post
879 750 919 819 ad
941 756 1137 842 αἀρασχοίην

61 876 81 922 e
101 849 371 944 praecedentibus
392 851 491 919 facile
512 852 684 941 suppletur
696 849 778 927 τούς
796 851 1070 942 μαρτυρήσοντας,
1098 861 1138 924 ut
1255 894 1261 903 ,

59 978 131 1024 non
151 976 234 1043 opus
260 950 304 1018 sit
324 950 422 1036 eddi,
454 953 541 1039 quod
561 951 720 1021 Reislcius
750 951 866 1021 suasit.
909 954 962 1022 De
983 955 1138 1048 ἔξωμοσίρ

59 1081 98 1127 v.
120 1052 304 1144 ejuratione
326 1051 479 1137 testium,
508 1051 566 1140 qui
586 1076 690 1141 qunm
711 1052 752 1121 ad
775 1052 1001 1125 testimonium
1023 1059 1137 1126 dicen·

60 1159 145 1227 dum
163 1156 451 1245 provocabantur,
479 1155 568 1223 nihil
586 1154 654 1220 sibi
674 1165 877 1245 compertum
891 1182 962 1226 csse
981 1157 1139 1249 jurabant

61 1260 106 1329 de
124 1259 187 1327 illa
212 1282 269 1342 re,
299 1254 396 1345 cujus.
419 1279 517 1322 causa
539 1254 630 1323 citati
657 1272 783 1338 essent,
815 1258 886 1328 vid.
908 1260 950 1327 de
971 1259 1044 1330 ord.
1065 1260 1135 1355 jud.

61 1386 98 1455 p.
119 1360 196 1428 672.
220 1357 370 1426 Recitata
390 1356 496 1445 igitur
515 1357 697 1424 testimonii
715 1359 860 1427 formula
881 1359 967 1446 (vid.
987 1361 1037 1431 ib.
1058 1385 1136 1452 pag.

63 1464 143 1547 671.
165 1461 243 1548 678)
272 1459 470 1546 sequebatur
496 1484 585 1525 nunc
605 1458 774 1527 Hieroclis
795 1460 956 1550 ejuratio,
987 1485 1024 1530 se
1044 1465 1139 1530 testi·
1258 1466 1259 1469 ’

61 1562 217 1633 monium
241 1561 325 1627 illud
354 1560 463 1628 dicere
489 1584 558 1626 non
585 1583 693 1657 posse.
742 1560 857 1649 ltaque
882 1561 1018 1631 titulum
1037 1562 1139 1638 ΕΞΩ-
1259 1612 1264 1625 .

62 1666 218 1734 ΜΟΣΙΑ
239 1661 317 1730 addi
337 1660 493 1752 oportuit.
510 1698 555 1713 ·-
571 1661 712 1728 Ἕναντία
732 1658 852 1731 τούτων
868 1679 917 1732 est
932 1663 1055 1732 ἐναντία
1073 1671 1138 1734 τῶν

14 1764 35 1791 “”
62 1766 233 1839 δικαστῶν.
771 1827 775 1834 .

75 1914 89 1925 .-
152 1873 187 1949 θ.
211 1866 266 1937 19.
296 1872 360 1935 τῶν
386 1866 421 1935 dl
449 1863 495 1954 μὴ
521 1864 689 1953 γενομίνων
709 1865 812 1934 πίστιν
833 1861 949 1934 ἐθέλειν
976 1867 1138 1937 ἐπιθεῖναι.
1258 1932 1262 1945 ,

18 2016 26 2043 ,
67 1968 117 2059 ld.
146 1991 176 2036 e.
204 1970 274 2053 περὶ
300 1976 363 2036 τῶν
388 1968 433 2055 μὴ
459 1969 646 2056 γενομέναν,
679 1967 806 2058 dequo
835 1969 978 2069 genitivi
1003 1996 1066 2039 usu
1092 1970 1136 2038 cf.

65 2060 239 2141 Sclrseler.
268 2069 309 2137 ad
330 2071 478 2164 Dionys.
501 2071 543 2138 de
568 2076 677 2159 comp.
699 2065 794 2140 verb.
822 2098 857 2163 p.
878 2073 943 2139 213
964 2089 997 2139 et
1015 2070 1086 2139 ind.
1109 2096 1137 2140 s.

65 2197 103 2243 v.
124 2172 204 2259 περί.
247 2171 299 2239 ld.
323 2174 363 2239 ad
387 2172 491 2262 Soph.
513 2172 678 2258 Antigon.
706 2197 741 2242 v.
765 2173 818 2239 11.
841 2174 884 2241 ad
903 2171 1044 2242 Homer.
1065 2174 1138 2242 ind.

39 2298 96 2353 ‚s.
118 2264 154 2343 r.
184 2273 287 2360 genit.
309 2273 398 2364 App.
428 2273 505 2340 crit.
533 2274 575 2339 ad
596 2270 772 2341 Demosth.
795 2273 832 2341 ll
862 2300 896 2364 p.
918 2276 984 2342 ²09
1010 2290 1042 2341 et
1060 2276 1138 2342 232.

70 2376 162 2446 Add.
183 2375 302 2443 Marto.
332 2399 385 2461 gr.
408 2374 469 2442 Gr.
500 2375 537 2461 ᾗ.
559 2372 635 2441 342.
677 2374 735 2440 Ad
755 2375 857 2439 πίστιν
878 2375 1044 2456 ἐπιθεῖναι,
1076 2399 1141 2464 qua
1169 2441 1173 2448 ,

66 2470 259 2567 loquutione
287 2472 376 2542 nihil
406 2489 455 2543 est
483 2476 570 2563 apud
593 2489 739 2543 oratores
768 2475 972 2563 frequentius
993 2476 1079 2562 (vid.
1100 2477 1140 2546 de

53 2572 214 2663 'Nicostn
234 2578 308 2644 her.
331 2578 369 2664 ἦ.
392 2577 435 2643 16
461 2591 494 2645 et
515 2577 568 2643 17.
590 2573 767 2642 Demosth.
790 2591 852 2644 ctr.
873 2577 1009 2667 Aphob.
1031 2575 1085 2644 ΙΙΙ
1104 2603 1139 2669 p.
1244 2579 1254 2597 ⁸

66 2682 146 2761 852,
169 2680 223 2747 15.
245 2693 306 2745 ctr.
329 2678 482 2749 Timoth.
505 2679 602 2761 1196,
626 2678 679 2745 17.
700 2675 739 2742 in
761 2673 905 2768 Callipp.
928 2676 1024 2762 1243,
1044 2682 1088 2746 27
1108 2695 1142 2746 et

68 2783 116 2853 nl.
133 2779 235 2870 pass.)
258 2779 356 2845 tacite
371 2781 543 2869 suppletur
563 2789 628 2854 τοῖς
647 2773 767 2864 λόγοις,
794 2788 860 2863 τοῖς
880 2778 1064 2864 εἶρημίνοιςε
1093 2795 1143 2848 est

68 2883 164 2955 enim
189 2882 230 2946 iio
251 2905 336 2966 ραααι
360 2905 383 2946 α
408 2895 442 2947 te
462 2882 551 2947 dicta
571 2893 642 2946 comt
660 2878 760 2963 fidem
780 2880 900 2945 addere
908 2881 1141 2967 jurtyorand03

66 2982 170 3072 idque
184 2980 431 3074 jusjurandum,
452 2980 491 3048 in
506 2981 566 3048 tali
583 2977 716 3069 quidem
729 2980 910 3063 testimonii
925 2983 1141 3070 recusatione,

68 3082 318 3156 sanctissimum
347 3084 470 3169 luisse,
499 3083 594 3170 ὅρκον
620 3082 701 3148 καθ’
734 3081 840 3169 ἱερῶν,
871 3080 966 3150 docet
991 3082 1141 3176 Lycurg.
1278 3094 1284 3101 '

67 3186 110 3259 11¹
136 3185 287 3252 [600181.
317 3210 351 3274 p·
375 3185 450 3253 151.
472 3221 528 3236 -·
546 3183 645 3272 Quod
675 3184 822 3271 sequitur
853 3179 1139 3272 ὃΕὗθονροίτηςὸ

69 3285 177 3372 ²¹⁰le
193 3284 379 3385 Ἀσῖνφιᾌοο
401 3288 583 3354 notandum
598 3301 647 3354 est
661 3300 797 3376 propter
816 3285 993 3354 articulum
1012 3286 1145 3354 nomini
1160 3370 1166 3377 ἱ

69 3387 210 3485 proprio
232 3387 470 3475 praemissum,
502 3412 618 3476 quem,
645 3387 705 3454 ubi
726 3387 886 3479 appositio
908 3386 1057 3472 additur,
1076 3388 1145 3456 sre-
1280 3382 1283 3387 ¹

72 3488 228 3581 quentius
249 3486 359 3555 omitti
385 3488 595 3576 grammatici
615 3489 745 3557 docent.
788 3488 907 3556 Additi
933 3502 1044 3555 eutem
1063 3487 1146 3555 erti-

72 3591 146 3661 culi
166 3605 217 3658 sat
236 3591 342 3656 multa
364 3593 517 3680 exempla
538 3605 634 3675 sunt,
665 3591 759 3658 velut
779 3589 864 3678 apud
885 3586 996 3678 ipsum
1015 3586 1147 3657 haeum

73 3693 118 3761 de
137 3689 251 3780 Hagn.
280 3694 353 3762 her.
382 3692 421 3781 ᾗ.
441 3692 502 3761 30:
540 3690 556 3759 ὃ
578 3693 721 3767 Γλαῦκος
747 3685 764 3756 ὃ
785 3694 842 3754 τοῦ
857 3687 976 3774 Ἀγνίοο
1004 3686 1147 3776 ἀδελφός.

74 3795 178 3864 Orat.
205 3793 246 3858 da
272 3791 434 3863 Halones.
460 3820 492 3884 p.
514 3795 576 3878 86,
605 3796 664 3862 162
701 3795 758 3856 coi>
783 3789 863 3866 Διὸς
882 3794 938 3855 τοῦ
955 3787 1072 3877 Ὁρίοο.
1094 3816 1147 3882 ap.

74 3895 224 3987 Lycurg.
255 3892 294 3961 in
314 3894 434 3965 Leocr.
466 3920 537 3986 cap.
558 3896 622 3961 202
662 3897 708 3981 τῷ
735 3887 925 3974 Κλεομάντει
951 3896 997 3979 τῷ
1022 3893 1149 3980 Δελφῷ.

78 4021 135 4086 ap.
158 3995 258 4062 eund.
281 4018 354 4087 cap.
376 3997 415 4063 6:
446 3986 504 4061 τοῦ
525 3993 604 4071 Διὸς
617 3999 681 4060 «τοῦ
702 3994 850 4079 Σωτῆρος
869 3993 923 4057 καὶ
942 3999 998 4078 τῆς
1013 3992 1151 4078 Ἀθηνᾶς

77 4102 136 4185 τῆς
150 4096 319 4185 Σωτείρας.
347 4112 380 4165 et
399 4098 544 4190 capilo:
571 4098 628 4162 τοῦ
644 4090 812 4183 Ἱππάρχου
832 4096 888 4161 τοῦ
908 4088 1075 4179 προδόταν.
1096 4119 1149 4186 ap.
